3350 5800
412 778 454 839 42
873 791 1006 841 mm

408 972 628 1053 infirmorum,
640 974 805 1041 annexuit
820 982 856 1041 et
879 976 1109 1062 reintegravit
1154 976 1260 1041 Item:
1289 974 1334 1039 ad
1356 992 1470 1039 muros

409 1074 568 1141 clausuroe
602 1076 753 1142 Ecclesiae
786 1098 859 1143 sues
892 1076 1146 1143 cantuariensis
1176 1077 1338 1141 ducentas
1370 1095 1468 1139 sexa-

409 1168 505 1263 ginta
526 1198 586 1242 sex
608 1178 708 1243 libras
732 1178 908 1245 tresdecim
931 1179 1055 1245 solidos
1088 1183 1123 1245 et
1145 1184 1290 1265 quatuor
1312 1176 1467 1242 denarios

407 1276 556 1343 contulit.
603 1277 708 1344 Item:
730 1300 834 1344 noves
856 1300 1002 1345 cameras
1025 1281 1096 1345 sive
1120 1278 1279 1364 coquinas
1300 1299 1376 1343 cum
1391 1298 1467 1362 per-

408 1377 561 1445 tinenciis
575 1378 645 1443 suis
667 1380 703 1444 in
726 1380 909 1447 infirmaria
932 1380 1088 1447 Ecclesiae
1110 1402 1180 1446 suae
1203 1377 1466 1454 Oantuariensis‚

406 1478 473 1543 suis
495 1481 692 1567 sumptibus,
715 1482 849 1558 seilicet,
870 1487 1007 1549 centum
1036 1482 1180 1568 triginta
1212 1486 1248 1546 et
1276 1486 1347 1545 trec
1368 1479 1466 1545 libris

405 1603 465 1646 sex
487 1583 600 1647 solidis
622 1588 657 1647 et
679 1588 752 1649 octo
780 1584 936 1661 denariis,
960 1585 1003 1649 de
1025 1604 1113 1649 novo
1145 1584 1219 1649 fieri
1233 1583 1314 1649 fecit
1329 1588 1365 1647 et
1386 1602 1467 1648 oon·

403 1685 537 1749 struxit.
581 1685 687 1751 Item:
709 1706 830 1750 novam
845 1684 1025 1751 fenestram
1040 1686 1181 1751 vitream
1205 1686 1242 1749 in
1256 1684 1333 1750 navi
1351 1683 1465 1749 Eccle-

404 1784 462 1849 siae
477 1806 545 1849 suae
571 1784 820 1851 Oantuariensis
835 1788 873 1850 in
888 1787 1011 1852 honore
1027 1786 1144 1853 Sancti
1160 1786 1303 1873 Elphegi
1317 1787 1360 1851 de
1373 1806 1465 1850 novo

404 1885 483 1950 fecit
503 1886 577 1950 fieri
609 1888 678 1953 suis
705 1888 895 1973 sumptibus
927 1894 962 1953 et
992 1890 1160 1975 expensis,
1191 1888 1325 1965 scilicet,
1350 1886 1464 1973 precio

404 1987 525 2072 viginti
557 1988 723 2053 librarum
771 1988 878 2055 Item:
902 2011 1005 2055 unam
1034 2011 1156 2056 novam
1180 2011 1303 2076 penam
1325 1989 1464 2055 claustri

404 2088 556 2153 Ecclesiae
587 2110 656 2154 suae
679 2088 941 2167 cantuariensis,
963 2091 1008 2155 ad
1033 2096 1207 2176 sumptum
1230 2095 1461 2155 trecentarum

402 2189 561 2255 librarum
583 2194 618 2255 et
640 2190 738 2268 ultre,
760 2191 939 2277 reperavit.
985 2192 1095 2257 Item:
1125 2214 1228 2257 unam
1263 2189 1461 2277 ymaginem

402 2292 531 2359 Sanctae
546 2292 721 2357 Trinitatis
735 2294 971 2379 preciosiorem,
988 2316 1064 2359 cum
1079 2316 1140 2358 sex
1155 2293 1326 2379 Apostolis
1340 2313 1460 2378 argen-

401 2394 464 2458 teis
479 2398 514 2458 et
530 2393 684 2458 nobiliter
706 2394 883 2471 deauratis,
897 2397 941 2459 ad
956 2395 1108 2461 tabulam
1123 2395 1247 2461 summi
1261 2393 1379 2458 altaris
1396 2393 1459 2457 Ec·

399 2495 506 2559 clesiae
520 2516 588 2559 suae
605 2494 855 2561 cantuariensis
871 2497 1029 2572 donavit3
1045 2520 1120 2583 quae
1136 2497 1272 2583 quidem
1284 2494 1459 2580 ymagines

398 2596 440 2661 ad
463 2596 608 2660 valorem
631 2595 850 2662 ducentemm
882 2598 1107 2685 quadraginta
1133 2598 1298 2663 librarum
1323 2593 1457 2681 appreci

397 2702 498 2761 autur
512 2697 548 2760 in
570 2698 733 2782 praesenti.
789 2698 834 2762 Et
857 2698 948 2763 ultra
970 2699 1036 2765 ista
1052 2700 1140 2765 idem
1160 2696 1457 2764 reverendissimus

397 2802 491 2882 pater
517 2818 618 2862 unam
641 2818 753 2882 capam
778 2799 962 2884 preciosam
985 2806 1021 2864 et
1055 2804 1296 2886 sumptuosam,
1318 2796 1457 2873 scilieet,

397 2905 616 2964 trecentarum
634 2899 795 2964 librarum
811 2904 846 2964 et
862 2901 963 2979 ultra,
980 2923 1056 2967 cum
1079 2924 1149 2967 uua
1166 2901 1260 2966 bulla
1275 2899 1454 2983 indulgen-

396 2998 519 3065 tiarum
542 3021 620 3062 xxv.
636 3021 798 3064 annorum
822 3001 891 3086 ciiij
944 3003 1079 3068 dierum
1102 3003 1140 3066 in
1162 3003 1264 3067 certis
1286 2999 1456 3064 festivita·

397 3101 494 3176 libne,
517 3104 618 3185 prout
634 3099 669 3164 in
695 3103 810 3167 eadem
825 3102 919 3168 bulla
940 3098 1072 3189 plenius
1088 3104 1289 3178 continetur,
1305 3106 1455 3185 tempore

394 3201 592 3266 sanctissimi
624 3201 660 3265 iu
688 3201 820 3268 Christe
853 3205 959 3288 patris
982 3211 1018 3270 et
1039 3205 1168 3270 domini
1191 3202 1331 3268 Domini
1354 3201 1456 3265 Boni·

395 3299 470 3365 fecii
500 3301 598 3386 Papae
622 3302 712 3379 noni,
737 3303 773 3366 in
796 3303 915 3388 vigilia
944 3305 1105 3370 Omnium
1129 3305 1330 3372 Sanctorum
1366 3326 1455 3370 auno

393 3400 528 3464 Domini
551 3416 663 3466 M0ccc.
688 3406 901 3489 nonagesimo
925 3407 1047 3490 quinto
1080 3408 1124 3472 ad
1148 3408 1331 3472 Ecclesiam
1360 3429 1454 3472 suem

393 3501 663 3566 Cantuariensem
704 3503 897 3569 destinavit.
959 3507 1060 3573 Ultra
1096 3509 1173 3586 ista,
1212 3510 1257 3575 ad
1295 3512 1457 3577 fabricam

392 3600 487 3665 navis
511 3602 662 3668 Ecclesiae
692 3625 760 3668 suae
785 3604 1041 3674 cantuariensis
1064 3609 1157 3676 mille
1180 3610 1308 3688 libres,1
1338 3635 1361 3678 a
1392 3615 1459 3680 Do-

391 3699 480 3764 mino
505 3701 645 3767 Ricardo
660 3703 886 3770 illustrissimo
911 3707 1002 3794 Rege
1028 3709 1163 3797 Angliae
1179 3717 1215 3775 et
1231 3713 1309 3777 aliis
1330 3715 1456 3793 amicis,

390 3800 486 3882 quae²
508 3802 599 3867 mille
624 3824 742 3869 marces
764 3805 911 3872 fideliter
933 3810 1054 3876 solutae
1078 3809 1218 3876 fuerant
1240 3836 1326 3899 quas
1351 3815 1457 3902 impe·

390 3901 493 3965 travit
546 3905 745 3989 sumptibus,
782 3907 852 3970 suis
899 3910 1027 3977 scilicet
1073 3918 1211 3979 centum
1260 3936 1461 3995 marearum,

388 4021 448 4065 sua
492 4002 656 4070 industria
693 4010 897 4091 procuravit.
954 4012 1058 4078 Plura
1095 4014 1165 4079 alia
1203 4019 1357 4102 tempore
1397 4041 1458 4084 suo

387 4099 474 4177 fecit,
511 4122 571 4186 pro
604 4105 724 4188 quibus
757 4109 923 4189 omnibus,
954 4111 1034 4179 licet
1067 4115 1171 4199 juxte
1202 4118 1327 4183 merita
1361 4119 1456 4184 celsi·

387 4198 523 4263 tudinus
547 4201 691 4286 ejusdem
725 4209 994 4276 reverendissimi
1028 4215 1137 4299 petris
1168 4222 1272 4302 prout
1295 4218 1452 4304 cupimus

386 4315 453 4358 non
484 4318 655 4381 possumus
689 4307 894 4398 respondere,
927 4311 963 4375 id
998 4318 1113 4379 tamen
1151 4318 1322 4382 modicum
1361 4323 1452 4405 quod

385 4394 531 4460 valemus
566 4405 718 4486 prosequi
752 4405 959 4476 decrevimus
992 4414 1028 4478 in
1051 4420 1223 4501 praesenti.
1271 4420 1374 4500 Sane,
1410 4424 1451 4489 de

383 4558 1448 4600 ——m———Q-

416 4667 423 4699 ¹
442 4674 563 4722 mareas?
963 4676 975 4708 ²
990 4696 1074 4748 qum,
1083 4682 1141 4737 us,
