<?xml version="1.0" encoding="UTF-8"?>
<!DOCTYPE html PUBLIC "-//W3C//DTD XHTML 1.0 Transitional//EN"
    "http://www.w3.org/TR/xhtml1/DTD/xhtml1-transitional.dtd">
<html xmlns="http://www.w3.org/1999/xhtml" xml:lang="en" lang="en">
 <head>
  <title>
</title>
<meta http-equiv="Content-Type" content="text/html;charset=utf-8" />
  <meta name='ocr-system' content='tesseract 3.04.00' />
  <meta name='ocr-capabilities' content='ocr_page ocr_carea ocr_par ocr_line ocrx_word'/>
</head>
<body>
  <div class='ocr_page' id='page_1' title='image "./literaecantuari00shepgoog_0215.png"; bbox 0 0 3350 5800; ppageno 0'>
   <div class='ocr_carea' id='block_1_1' title="bbox 420 797 1012 862">
    <p class='ocr_par' dir='ltr' id='par_1_1' title="bbox 420 797 1012 862">
     <span class='ocr_line' id='line_1_1' title="bbox 420 797 1012 862; baseline -0.007 -2"><span class='ocrx_word' id='word_1_1' title='bbox 420 797 484 862; x_wconf 74' lang='lat'>144</span> <span class='ocrx_word' id='word_1_2' title='bbox 879 808 1012 857; x_wconf 77' lang='lat' dir='ltr'>rrrnan</span> 
     </span>
    </p>
   </div>
   <div class='ocr_carea' id='block_1_2' title="bbox 246 987 1472 1119">
    <p class='ocr_par' dir='ltr' id='par_1_2' title="bbox 246 987 1472 1119">
     <span class='ocr_line' id='line_1_2' title="bbox 246 987 1472 1119; baseline -0.002 -59"><span class='ocrx_word' id='word_1_3' title='bbox 246 987 392 1119; x_wconf 48' lang='lat' dir='ltr'>amr</span> <span class='ocrx_word' id='word_1_4' title='bbox 417 994 502 1073; x_wconf 83' lang='lat' dir='ltr'>darn,</span> <span class='ocrx_word' id='word_1_5' title='bbox 535 993 747 1060; x_wconf 77' lang='lat' dir='ltr'>celebraturis</span> <span class='ocrx_word' id='word_1_6' title='bbox 780 999 815 1059; x_wconf 92' lang='lat' dir='ltr'>et</span> <span class='ocrx_word' id='word_1_7' title='bbox 853 992 993 1060; x_wconf 84' lang='lat' dir='ltr'>facturis</span> <span class='ocrx_word' id='word_1_8' title='bbox 1039 993 1297 1080; x_wconf 79' lang='lat' dir='ltr'>imperpetuum,</span> <span class='ocrx_word' id='word_1_9' title='bbox 1334 993 1472 1059; x_wconf 89' lang='lat' dir='ltr'>licentia</span> 
     </span>
    </p>
   </div>
   <div class='ocr_carea' id='block_1_3' title="bbox 246 1095 1473 1185">
    <p class='ocr_par' dir='ltr' id='par_1_3' title="bbox 246 1095 1473 1185">
     <span class='ocr_line' id='line_1_3' title="bbox 246 1095 1473 1185; baseline -0.009 -14"><span class='ocrx_word' id='word_1_10' title='bbox 246 1098 508 1185; x_wconf 68' lang='lat' dir='ltr'>fivepriesaregia</span> <span class='ocrx_word' id='word_1_11' title='bbox 529 1104 564 1162; x_wconf 90' lang='grc'>01</span> <span class='ocrx_word' id='word_1_12' title='bbox 593 1097 733 1162; x_wconf 90' lang='lat' dir='ltr'>aliorum</span> <span class='ocrx_word' id='word_1_13' title='bbox 767 1116 909 1181; x_wconf 90' lang='lat' dir='ltr'>quorum</span> <span class='ocrx_word' id='word_1_14' title='bbox 939 1095 1095 1161; x_wconf 76' lang='lat' dir='ltr'>interfuit</span> <span class='ocrx_word' id='word_1_15' title='bbox 1124 1117 1261 1161; x_wconf 88' lang='lat' dir='ltr'>assensu</span> <span class='ocrx_word' id='word_1_16' title='bbox 1292 1096 1473 1182; x_wconf 79' lang='lat' dir='ltr'>requisitis,</span> 
     </span>
    </p>
   </div>
   <div class='ocr_carea' id='block_1_4' title="bbox 246 1185 1476 4657">
    <p class='ocr_par' dir='ltr' id='par_1_4' title="bbox 246 1185 1474 1692">
     <span class='ocr_line' id='line_1_4' title="bbox 246 1185 1473 1302; baseline 0 -39"><span class='ocrx_word' id='word_1_17' title='bbox 246 1185 403 1302; x_wconf 55' lang='lat' dir='ltr'>{fflmd</span> <span class='ocrx_word' id='word_1_18' title='bbox 417 1199 548 1278; x_wconf 89' lang='lat' dir='ltr'>habitis,</span> <span class='ocrx_word' id='word_1_19' title='bbox 572 1205 607 1265; x_wconf 92' lang='lat' dir='ltr'>et</span> <span class='ocrx_word' id='word_1_20' title='bbox 629 1197 783 1287; x_wconf 83' lang='lat' dir='ltr'>optentis,</span> <span class='ocrx_word' id='word_1_21' title='bbox 805 1197 1031 1275; x_wconf 73' lang='lat' dir='ltr'>fundaverint,</span> <span class='ocrx_word' id='word_1_22' title='bbox 1054 1199 1229 1274; x_wconf 85' lang='lat' dir='ltr'>erexerint,</span> <span class='ocrx_word' id='word_1_23' title='bbox 1245 1205 1280 1264; x_wconf 90' lang='lat' dir='ltr'>et</span> <span class='ocrx_word' id='word_1_24' title='bbox 1301 1198 1473 1265; x_wconf 89' lang='lat' dir='ltr'>stabilive-</span> 
     </span>
     <span class='ocr_line' id='line_1_5' title="bbox 246 1299 1474 1382; baseline -0.003 -14"><span class='ocrx_word' id='word_1_25' title='bbox 246 1318 388 1382; x_wconf 74' lang='lat' dir='ltr'>ahurehby</span> <span class='ocrx_word' id='word_1_26' title='bbox 417 1301 494 1379; x_wconf 87' lang='lat' dir='ltr'>rint,</span> <span class='ocrx_word' id='word_1_27' title='bbox 540 1322 668 1368; x_wconf 93' lang='lat' dir='ltr'>necnon</span> <span class='ocrx_word' id='word_1_28' title='bbox 712 1301 901 1367; x_wconf 89' lang='lat' dir='ltr'>creaverint</span> <span class='ocrx_word' id='word_1_29' title='bbox 945 1306 980 1365; x_wconf 92' lang='lat' dir='ltr'>et</span> <span class='ocrx_word' id='word_1_30' title='bbox 1025 1300 1259 1366; x_wconf 90' lang='lat' dir='ltr'>constituerint</span> <span class='ocrx_word' id='word_1_31' title='bbox 1289 1299 1474 1367; x_wconf 90' lang='lat' dir='ltr'>Dominum</span> 
     </span>
     <span class='ocr_line' id='line_1_6' title="bbox 246 1383 1473 1501; baseline -0.001 -33"><span class='ocrx_word' id='word_1_32' title='bbox 246 1383 386 1501; x_wconf 53' lang='lat' dir='ltr'>ffltffl</span> <span class='ocrx_word' id='word_1_33' title='bbox 418 1403 621 1469; x_wconf 83' lang='lat' dir='ltr'>Willalmunr</span> <span class='ocrx_word' id='word_1_34' title='bbox 645 1402 774 1469; x_wconf 90' lang='lat' dir='ltr'>Brooke</span> <span class='ocrx_word' id='word_1_35' title='bbox 797 1402 1017 1488; x_wconf 78' lang='lat' dir='ltr'>capellanum,</span> <span class='ocrx_word' id='word_1_36' title='bbox 1031 1402 1131 1468; x_wconf 89' lang='lat' dir='ltr'>modo</span> <span class='ocrx_word' id='word_1_37' title='bbox 1146 1409 1306 1468; x_wconf 90' lang='lat' dir='ltr'>rectorem</span> <span class='ocrx_word' id='word_1_38' title='bbox 1322 1402 1473 1488; x_wconf 81' lang='lat' dir='ltr'>praeiatae</span> 
     </span>
     <span class='ocr_line' id='line_1_7' title="bbox 246 1503 1474 1592; baseline 0.002 -26"><span class='ocrx_word' id='word_1_39' title='bbox 246 1524 338 1567; x_wconf 76' lang='lat' dir='ltr'>cotors.</span> <span class='ocrx_word' id='word_1_40' title='bbox 418 1505 560 1570; x_wconf 83' lang='lat' dir='ltr'>ecclcaiae</span> <span class='ocrx_word' id='word_1_41' title='bbox 584 1505 699 1572; x_wconf 84' lang='lat' dir='ltr'>Sancti</span> <span class='ocrx_word' id='word_1_42' title='bbox 731 1503 914 1582; x_wconf 82' lang='lat' dir='ltr'>Michaelis,</span> <span class='ocrx_word' id='word_1_43' title='bbox 937 1505 973 1568; x_wconf 94' lang='lat' dir='ltr'>in</span> <span class='ocrx_word' id='word_1_44' title='bbox 998 1504 1198 1592; x_wconf 78' lang='lat' dir='ltr'>Magistrum</span> <span class='ocrx_word' id='word_1_45' title='bbox 1222 1504 1371 1590; x_wconf 89' lang='lat' dir='ltr'>ejusdem</span> <span class='ocrx_word' id='word_1_46' title='bbox 1396 1503 1474 1570; x_wconf 83' lang='lat'>001-</span> 
     </span>
     <span class='ocr_line' id='line_1_8' title="bbox 418 1604 1473 1692; baseline 0.002 -23"><span class='ocrx_word' id='word_1_47' title='bbox 418 1605 505 1692; x_wconf 87' lang='lat' dir='ltr'>legii,</span> <span class='ocrx_word' id='word_1_48' title='bbox 529 1605 823 1692; x_wconf 88' lang='lat' dir='ltr'>ordinaverintquo</span> <span class='ocrx_word' id='word_1_49' title='bbox 845 1606 936 1672; x_wconf 89' lang='lat' dir='ltr'>inter</span> <span class='ocrx_word' id='word_1_50' title='bbox 958 1604 1034 1682; x_wconf 89' lang='lat' dir='ltr'>alia,</span> <span class='ocrx_word' id='word_1_51' title='bbox 1057 1608 1222 1691; x_wconf 89' lang='lat' dir='ltr'>quantum</span> <span class='ocrx_word' id='word_1_52' title='bbox 1245 1605 1283 1669; x_wconf 92' lang='lat' dir='ltr'>in</span> <span class='ocrx_word' id='word_1_53' title='bbox 1306 1605 1388 1691; x_wconf 92' lang='lat' dir='ltr'>ipsis</span> <span class='ocrx_word' id='word_1_54' title='bbox 1411 1610 1473 1682; x_wconf 86' lang='lat' dir='ltr'>est,</span> 
     </span>
    </p>

    <p class='ocr_par' dir='ltr' id='par_1_5' title="bbox 417 1706 1474 1793">
     <span class='ocr_line' id='line_1_9' title="bbox 417 1706 1474 1793; baseline 0.002 -21"><span class='ocrx_word' id='word_1_55' title='bbox 417 1713 452 1772; x_wconf 91' lang='lat' dir='ltr'>et</span> <span class='ocrx_word' id='word_1_56' title='bbox 474 1708 716 1793; x_wconf 84' lang='lat' dir='ltr'>proposuerint,</span> <span class='ocrx_word' id='word_1_57' title='bbox 732 1706 821 1791; x_wconf 92' lang='lat' dir='ltr'>quod</span> <span class='ocrx_word' id='word_1_58' title='bbox 844 1707 954 1773; x_wconf 89' lang='lat' dir='ltr'>dictus</span> <span class='ocrx_word' id='word_1_59' title='bbox 977 1729 1067 1773; x_wconf 91' lang='lat' dir='ltr'>nunc</span> <span class='ocrx_word' id='word_1_60' title='bbox 1089 1712 1198 1773; x_wconf 91' lang='lat' dir='ltr'>rector</span> <span class='ocrx_word' id='word_1_61' title='bbox 1213 1712 1249 1772; x_wconf 93' lang='lat' dir='ltr'>et</span> <span class='ocrx_word' id='word_1_62' title='bbox 1271 1728 1474 1774; x_wconf 85' lang='lat' dir='ltr'>successores</span> 
     </span>
    </p>

    <p class='ocr_par' dir='ltr' id='par_1_6' title="bbox 415 1808 1476 1896">
     <span class='ocr_line' id='line_1_10' title="bbox 415 1808 1476 1896; baseline 0.001 -22"><span class='ocrx_word' id='word_1_63' title='bbox 415 1809 476 1886; x_wconf 89' lang='lat' dir='ltr'>sui,</span> <span class='ocrx_word' id='word_1_64' title='bbox 500 1815 640 1875; x_wconf 88' lang='lat' dir='ltr'>rectores</span> <span class='ocrx_word' id='word_1_65' title='bbox 655 1810 699 1875; x_wconf 89' lang='lat' dir='ltr'>ad</span> <span class='ocrx_word' id='word_1_66' title='bbox 714 1810 820 1896; x_wconf 90' lang='lat' dir='ltr'>ipsam</span> <span class='ocrx_word' id='word_1_67' title='bbox 836 1808 1008 1875; x_wconf 78' lang='lat' dir='ltr'>ecclesiam</span> <span class='ocrx_word' id='word_1_68' title='bbox 1030 1808 1146 1874; x_wconf 85' lang='lat' dir='ltr'>Sancti</span> <span class='ocrx_word' id='word_1_69' title='bbox 1170 1809 1341 1876; x_wconf 85' lang='lat' dir='ltr'>Michaelis</span> <span class='ocrx_word' id='word_1_70' title='bbox 1363 1811 1405 1876; x_wconf 93' lang='lat' dir='ltr'>de</span> <span class='ocrx_word' id='word_1_71' title='bbox 1420 1831 1476 1875; x_wconf 90' lang='lat' dir='ltr'>ce·</span> 
     </span>
    </p>

    <p class='ocr_par' dir='ltr' id='par_1_7' title="bbox 415 1910 1476 2100">
     <span class='ocr_line' id='line_1_11' title="bbox 415 1910 1474 1998; baseline -0.001 -22"><span class='ocrx_word' id='word_1_72' title='bbox 415 1916 488 1976; x_wconf 92' lang='lat' dir='ltr'>tero</span> <span class='ocrx_word' id='word_1_73' title='bbox 526 1911 736 1988; x_wconf 90' lang='lat' dir='ltr'>admittendi,</span> <span class='ocrx_word' id='word_1_74' title='bbox 785 1912 855 1976; x_wconf 89' lang='lat' dir='ltr'>sint</span> <span class='ocrx_word' id='word_1_75' title='bbox 903 1911 1059 1998; x_wconf 81' lang='lat' dir='ltr'>Magistri</span> <span class='ocrx_word' id='word_1_76' title='bbox 1099 1910 1238 1997; x_wconf 86' lang='lat' dir='ltr'>Oollegii</span> <span class='ocrx_word' id='word_1_77' title='bbox 1288 1912 1474 1990; x_wconf 88' lang='lat' dir='ltr'>memorati,</span> 
     </span>
     <span class='ocr_line' id='line_1_12' title="bbox 415 2013 1476 2100; baseline 0.002 -22"><span class='ocrx_word' id='word_1_78' title='bbox 415 2015 569 2100; x_wconf 93' lang='lat' dir='ltr'>quodque</span> <span class='ocrx_word' id='word_1_79' title='bbox 591 2014 656 2100; x_wconf 90' lang='lat' dir='ltr'>ipsi</span> <span class='ocrx_word' id='word_1_80' title='bbox 679 2014 870 2092; x_wconf 84' lang='lat' dir='ltr'>successive,</span> <span class='ocrx_word' id='word_1_81' title='bbox 893 2013 957 2078; x_wconf 91' lang='lat' dir='ltr'>sub</span> <span class='ocrx_word' id='word_1_82' title='bbox 978 2013 1228 2099; x_wconf 85' lang='lat' dir='ltr'>nuncupatione</span> <span class='ocrx_word' id='word_1_83' title='bbox 1251 2018 1286 2080; x_wconf 90' lang='lat' dir='ltr'>et</span> <span class='ocrx_word' id='word_1_84' title='bbox 1311 2014 1476 2080; x_wconf 89' lang='lat' dir='ltr'>vocabulo</span> 
     </span>
    </p>

    <p class='ocr_par' dir='ltr' id='par_1_8' title="bbox 286 2115 1476 4657">
     <span class='ocr_line' id='line_1_13' title="bbox 286 2115 1476 2204; baseline -0.001 -23"><span class='ocrx_word' id='word_1_85' title='bbox 286 2139 291 2148; x_wconf 94' lang='lat'>·</span> <span class='ocrx_word' id='word_1_86' title='bbox 414 2117 568 2203; x_wconf 83' lang='lat' dir='ltr'>Magistri</span> <span class='ocrx_word' id='word_1_87' title='bbox 601 2117 739 2204; x_wconf 86' lang='lat' dir='ltr'>Collegii</span> <span class='ocrx_word' id='word_1_88' title='bbox 770 2116 931 2204; x_wconf 83' lang='lat' dir='ltr'>praedicti,</span> <span class='ocrx_word' id='word_1_89' title='bbox 966 2115 1101 2180; x_wconf 90' lang='lat' dir='ltr'>nomine</span> <span class='ocrx_word' id='word_1_90' title='bbox 1135 2117 1270 2182; x_wconf 85' lang='lat' dir='ltr'>rectoris</span> <span class='ocrx_word' id='word_1_91' title='bbox 1302 2117 1406 2182; x_wconf 88' lang='lat' dir='ltr'>tacito</span> <span class='ocrx_word' id='word_1_92' title='bbox 1437 2122 1476 2180; x_wconf 90' lang='lat' dir='ltr'>et</span> 
     </span>
     <span class='ocr_line' id='line_1_14' title="bbox 414 2217 1474 2304; baseline 0 -23"><span class='ocrx_word' id='word_1_93' title='bbox 414 2217 554 2295; x_wconf 85' lang='lat' dir='ltr'>sublate,</span> <span class='ocrx_word' id='word_1_94' title='bbox 594 2217 741 2304; x_wconf 86' lang='lat' dir='ltr'>Oollegio</span> <span class='ocrx_word' id='word_1_95' title='bbox 780 2219 939 2304; x_wconf 88' lang='lat' dir='ltr'>praedicto</span> <span class='ocrx_word' id='word_1_96' title='bbox 977 2217 1179 2304; x_wconf 85' lang='lat' dir='ltr'>praesideant</span> <span class='ocrx_word' id='word_1_97' title='bbox 1216 2217 1474 2304; x_wconf 85' lang='lat' dir='ltr'>imperpetuum,</span> 
     </span>
     <span class='ocr_line' id='line_1_15' title="bbox 414 2319 1475 2406; baseline 0.001 -22"><span class='ocrx_word' id='word_1_98' title='bbox 414 2341 609 2406; x_wconf 89' lang='lat' dir='ltr'>omnemque</span> <span class='ocrx_word' id='word_1_99' title='bbox 632 2340 743 2384; x_wconf 91' lang='lat' dir='ltr'>curam</span> <span class='ocrx_word' id='word_1_100' title='bbox 768 2325 802 2384; x_wconf 92' lang='lat' dir='ltr'>et</span> <span class='ocrx_word' id='word_1_101' title='bbox 824 2320 973 2406; x_wconf 89' lang='lat' dir='ltr'>regimen</span> <span class='ocrx_word' id='word_1_102' title='bbox 995 2320 1184 2384; x_wconf 88' lang='lat' dir='ltr'>animarum</span> <span class='ocrx_word' id='word_1_103' title='bbox 1207 2319 1475 2405; x_wconf 72' lang='lat' dir='ltr'>capellanorum,</span> 
     </span>
     <span class='ocr_line' id='line_1_16' title="bbox 417 2421 1475 2508; baseline -0.001 -20"><span class='ocrx_word' id='word_1_104' title='bbox 417 2422 618 2499; x_wconf 89' lang='lat' dir='ltr'>clericorum,</span> <span class='ocrx_word' id='word_1_105' title='bbox 641 2421 862 2488; x_wconf 89' lang='lat' dir='ltr'>choristarum</span> <span class='ocrx_word' id='word_1_106' title='bbox 886 2421 1132 2506; x_wconf 76' lang='lat' dir='ltr'>praedictorum,</span> <span class='ocrx_word' id='word_1_107' title='bbox 1154 2427 1189 2486; x_wconf 89' lang='lat' dir='ltr'>et</span> <span class='ocrx_word' id='word_1_108' title='bbox 1211 2421 1351 2487; x_wconf 87' lang='lat' dir='ltr'>aliorum</span> <span class='ocrx_word' id='word_1_109' title='bbox 1375 2443 1475 2508; x_wconf 81' lang='lat' dir='ltr'>paro-</span> 
     </span>
     <span class='ocr_line' id='line_1_17' title="bbox 414 2522 1473 2610; baseline -0.002 -20"><span class='ocrx_word' id='word_1_110' title='bbox 414 2523 607 2590; x_wconf 87' lang='lat' dir='ltr'>chianorum</span> <span class='ocrx_word' id='word_1_111' title='bbox 640 2523 746 2609; x_wconf 89' lang='lat' dir='ltr'>ipsius</span> <span class='ocrx_word' id='word_1_112' title='bbox 778 2523 922 2590; x_wconf 88' lang='lat' dir='ltr'>ecclesias</span> <span class='ocrx_word' id='word_1_113' title='bbox 947 2522 1063 2589; x_wconf 87' lang='lat' dir='ltr'>Sancti</span> <span class='ocrx_word' id='word_1_114' title='bbox 1097 2522 1270 2589; x_wconf 84' lang='lat' dir='ltr'>Michaelis</span> <span class='ocrx_word' id='word_1_115' title='bbox 1291 2529 1413 2610; x_wconf 85' lang='lat' dir='ltr'>gerant</span> <span class='ocrx_word' id='word_1_116' title='bbox 1436 2528 1473 2589; x_wconf 92' lang='lat' dir='ltr'>et</span> 
     </span>
     <span class='ocr_line' id='line_1_18' title="bbox 414 2623 1472 2712; baseline 0.002 -23"><span class='ocrx_word' id='word_1_117' title='bbox 414 2624 568 2701; x_wconf 87' lang='lat' dir='ltr'>habeant,</span> <span class='ocrx_word' id='word_1_118' title='bbox 593 2647 630 2692; x_wconf 90' lang='lat' dir='ltr'>ac</span> <span class='ocrx_word' id='word_1_119' title='bbox 653 2647 746 2691; x_wconf 90' lang='lat' dir='ltr'>sacra</span> <span class='ocrx_word' id='word_1_120' title='bbox 778 2631 813 2690; x_wconf 92' lang='lat' dir='ltr'>et</span> <span class='ocrx_word' id='word_1_121' title='bbox 848 2623 1101 2691; x_wconf 84' lang='lat' dir='ltr'>sacramentalia</span> <span class='ocrx_word' id='word_1_122' title='bbox 1123 2645 1340 2711; x_wconf 76' lang='lat' dir='ltr'>quacumque</span> <span class='ocrx_word' id='word_1_123' title='bbox 1373 2646 1472 2712; x_wconf 91' lang='lat' dir='ltr'>paro·</span> 
     </span>
     <span class='ocr_line' id='line_1_19' title="bbox 414 2725 1473 2813; baseline 0.002 -21"><span class='ocrx_word' id='word_1_124' title='bbox 414 2727 541 2792; x_wconf 87' lang='lat' dir='ltr'>chianis</span> <span class='ocrx_word' id='word_1_125' title='bbox 573 2728 750 2813; x_wconf 75' lang='lat' dir='ltr'>praedictis,</span> <span class='ocrx_word' id='word_1_126' title='bbox 785 2747 876 2792; x_wconf 92' lang='lat' dir='ltr'>more</span> <span class='ocrx_word' id='word_1_127' title='bbox 913 2725 1050 2792; x_wconf 85' lang='lat' dir='ltr'>rectoris</span> <span class='ocrx_word' id='word_1_128' title='bbox 1087 2732 1122 2790; x_wconf 92' lang='lat' dir='ltr'>et</span> <span class='ocrx_word' id='word_1_129' title='bbox 1159 2728 1267 2792; x_wconf 88' lang='lat' dir='ltr'>curati</span> <span class='ocrx_word' id='word_1_130' title='bbox 1304 2734 1473 2806; x_wconf 88' lang='lat' dir='ltr'>consueto,</span> 
     </span>
     <span class='ocr_line' id='line_1_20' title="bbox 416 2828 1472 2915; baseline 0.002 -23"><span class='ocrx_word' id='word_1_131' title='bbox 416 2829 607 2894; x_wconf 87' lang='lat' dir='ltr'>ministrent</span> <span class='ocrx_word' id='word_1_132' title='bbox 631 2834 664 2894; x_wconf 88' lang='lat' dir='ltr'>et</span> <span class='ocrx_word' id='word_1_133' title='bbox 687 2829 873 2894; x_wconf 83' lang='lat' dir='ltr'>ministrari</span> <span class='ocrx_word' id='word_1_134' title='bbox 888 2828 1014 2894; x_wconf 86' lang='lat' dir='ltr'>faciant</span> <span class='ocrx_word' id='word_1_135' title='bbox 1028 2829 1294 2915; x_wconf 89' lang='lat' dir='ltr'>imperpetuum;</span> <span class='ocrx_word' id='word_1_136' title='bbox 1308 2830 1472 2896; x_wconf 90' lang='lat' dir='ltr'>noveritis</span> 
     </span>
     <span class='ocr_line' id='line_1_21' title="bbox 416 2931 1473 3018; baseline 0.003 -23"><span class='ocrx_word' id='word_1_137' title='bbox 416 2932 505 3017; x_wconf 87' lang='lat' dir='ltr'>quod</span> <span class='ocrx_word' id='word_1_138' title='bbox 526 2953 596 3009; x_wconf 88' lang='lat' dir='ltr'>nos,</span> <span class='ocrx_word' id='word_1_139' title='bbox 619 2932 662 2997; x_wconf 89' lang='lat' dir='ltr'>ad</span> <span class='ocrx_word' id='word_1_140' title='bbox 685 2932 775 3018; x_wconf 89' lang='lat' dir='ltr'>piam</span> <span class='ocrx_word' id='word_1_141' title='bbox 799 2937 834 2997; x_wconf 90' lang='lat' dir='ltr'>ct</span> <span class='ocrx_word' id='word_1_142' title='bbox 865 2932 1022 2997; x_wconf 87' lang='lat' dir='ltr'>devotam</span> <span class='ocrx_word' id='word_1_143' title='bbox 1056 2931 1300 2997; x_wconf 85' lang='lat' dir='ltr'>ordinationem</span> <span class='ocrx_word' id='word_1_144' title='bbox 1322 2933 1473 3017; x_wconf 87' lang='lat' dir='ltr'>ipsorum</span> 
     </span>
     <span class='ocr_line' id='line_1_22' title="bbox 416 3031 1472 3119; baseline 0.003 -22"><span class='ocrx_word' id='word_1_145' title='bbox 416 3044 630 3100; x_wconf 87' lang='lat' dir='ltr'>executorum</span> <span class='ocrx_word' id='word_1_146' title='bbox 664 3034 701 3097; x_wconf 94' lang='lat' dir='ltr'>in</span> <span class='ocrx_word' id='word_1_147' title='bbox 733 3031 795 3099; x_wconf 90' lang='lat' dir='ltr'>hac</span> <span class='ocrx_word' id='word_1_148' title='bbox 833 3038 928 3119; x_wconf 90' lang='lat' dir='ltr'>parte</span> <span class='ocrx_word' id='word_1_149' title='bbox 966 3033 1262 3098; x_wconf 89' lang='lat' dir='ltr'>considerationem</span> <span class='ocrx_word' id='word_1_150' title='bbox 1299 3033 1472 3113; x_wconf 80' lang='lat' dir='ltr'>habentes,</span> 
     </span>
     <span class='ocr_line' id='line_1_23' title="bbox 416 3134 1473 3223; baseline 0.001 -22"><span class='ocrx_word' id='word_1_151' title='bbox 416 3136 696 3221; x_wconf 90' lang='lat' dir='ltr'>advertentesque</span> <span class='ocrx_word' id='word_1_152' title='bbox 719 3135 955 3200; x_wconf 83' lang='lat' dir='ltr'>fundationem</span> <span class='ocrx_word' id='word_1_153' title='bbox 978 3134 1170 3221; x_wconf 75' lang='lat' dir='ltr'>praedictam</span> <span class='ocrx_word' id='word_1_154' title='bbox 1193 3134 1473 3223; x_wconf 88' lang='lat' dir='ltr'>inaugmentum</span> 
     </span>
     <span class='ocr_line' id='line_1_24' title="bbox 416 3236 1474 3323; baseline 0.002 -20"><span class='ocrx_word' id='word_1_155' title='bbox 416 3238 524 3303; x_wconf 89' lang='lat' dir='ltr'>divini</span> <span class='ocrx_word' id='word_1_156' title='bbox 558 3238 689 3303; x_wconf 87' lang='lat' dir='ltr'>servitii</span> <span class='ocrx_word' id='word_1_157' title='bbox 712 3238 748 3301; x_wconf 90' lang='lat' dir='ltr'>in</span> <span class='ocrx_word' id='word_1_158' title='bbox 783 3236 921 3303; x_wconf 90' lang='lat' dir='ltr'>ecclesia</span> <span class='ocrx_word' id='word_1_159' title='bbox 944 3237 1104 3323; x_wconf 79' lang='lat' dir='ltr'>praedicta</span> <span class='ocrx_word' id='word_1_160' title='bbox 1126 3258 1165 3302; x_wconf 91' lang='lat' dir='ltr'>eo</span> <span class='ocrx_word' id='word_1_161' title='bbox 1187 3238 1322 3303; x_wconf 87' lang='lat' dir='ltr'>uberius</span> <span class='ocrx_word' id='word_1_162' title='bbox 1345 3240 1474 3320; x_wconf 88' lang='lat' dir='ltr'>cedere,</span> 
     </span>
     <span class='ocr_line' id='line_1_25' title="bbox 415 3336 1472 3427; baseline 0.002 -22"><span class='ocrx_word' id='word_1_163' title='bbox 415 3362 481 3427; x_wconf 92' lang='lat' dir='ltr'>quo</span> <span class='ocrx_word' id='word_1_164' title='bbox 504 3341 664 3427; x_wconf 86' lang='lat' dir='ltr'>Magister</span> <span class='ocrx_word' id='word_1_165' title='bbox 696 3345 731 3404; x_wconf 91' lang='lat' dir='ltr'>et</span> <span class='ocrx_word' id='word_1_166' title='bbox 763 3337 936 3424; x_wconf 84' lang='lat' dir='ltr'>Capellani</span> <span class='ocrx_word' id='word_1_167' title='bbox 969 3336 1118 3423; x_wconf 85' lang='lat' dir='ltr'>praedicti</span> <span class='ocrx_word' id='word_1_168' title='bbox 1152 3338 1294 3425; x_wconf 89' lang='lat' dir='ltr'>alicujus</span> <span class='ocrx_word' id='word_1_169' title='bbox 1331 3340 1472 3407; x_wconf 88' lang='lat' dir='ltr'>alterius</span> 
     </span>
     <span class='ocr_line' id='line_1_26' title="bbox 415 3438 1472 3529; baseline 0.002 -22"><span class='ocrx_word' id='word_1_170' title='bbox 415 3443 630 3529; x_wconf 86' lang='lat' dir='ltr'>praesidentia</span> <span class='ocrx_word' id='word_1_171' title='bbox 651 3441 688 3505; x_wconf 93' lang='lat' dir='ltr'>in</span> <span class='ocrx_word' id='word_1_172' title='bbox 711 3441 825 3505; x_wconf 89' lang='lat' dir='ltr'>eadem</span> <span class='ocrx_word' id='word_1_173' title='bbox 848 3461 916 3506; x_wconf 90' lang='lat' dir='ltr'>non</span> <span class='ocrx_word' id='word_1_174' title='bbox 938 3438 1067 3505; x_wconf 82' lang='lat' dir='ltr'>fuerint</span> <span class='ocrx_word' id='word_1_175' title='bbox 1089 3440 1278 3527; x_wconf 88' lang='lat' dir='ltr'>interrupti,</span> <span class='ocrx_word' id='word_1_176' title='bbox 1300 3444 1472 3529; x_wconf 90' lang='lat' dir='ltr'>proposito</span> 
     </span>
     <span class='ocr_line' id='line_1_27' title="bbox 415 3541 1473 3629; baseline 0.003 -21"><span class='ocrx_word' id='word_1_177' title='bbox 415 3550 450 3609; x_wconf 92' lang='lat' dir='ltr'>et</span> <span class='ocrx_word' id='word_1_178' title='bbox 486 3544 688 3609; x_wconf 90' lang='lat' dir='ltr'>ordinationi</span> <span class='ocrx_word' id='word_1_179' title='bbox 719 3541 897 3629; x_wconf 84' lang='lat' dir='ltr'>praedictis.</span> <span class='ocrx_word' id='word_1_180' title='bbox 935 3541 977 3606; x_wconf 90' lang='lat' dir='ltr'>de</span> <span class='ocrx_word' id='word_1_181' title='bbox 1009 3563 1047 3607; x_wconf 92' lang='lat' dir='ltr'>eo</span> <span class='ocrx_word' id='word_1_182' title='bbox 1079 3541 1204 3607; x_wconf 88' lang='lat' dir='ltr'>scilicet</span> <span class='ocrx_word' id='word_1_183' title='bbox 1234 3543 1323 3628; x_wconf 88' lang='lat' dir='ltr'>quod</span> <span class='ocrx_word' id='word_1_184' title='bbox 1361 3546 1473 3611; x_wconf 89' lang='lat' dir='ltr'>dictus</span> 
     </span>
     <span class='ocr_line' id='line_1_28' title="bbox 415 3643 1472 3713; baseline 0.003 -3"><span class='ocrx_word' id='word_1_185' title='bbox 415 3667 503 3713; x_wconf 88' lang='lat' dir='ltr'>nuno</span> <span class='ocrx_word' id='word_1_186' title='bbox 533 3651 640 3712; x_wconf 89' lang='lat' dir='ltr'>rector</span> <span class='ocrx_word' id='word_1_187' title='bbox 672 3645 816 3712; x_wconf 78' lang='lat' dir='ltr'>ecclesiae</span> <span class='ocrx_word' id='word_1_188' title='bbox 852 3644 967 3709; x_wconf 88' lang='lat' dir='ltr'>Sancti</span> <span class='ocrx_word' id='word_1_189' title='bbox 1003 3643 1179 3708; x_wconf 87' lang='lat' dir='ltr'>Michaelis</span> <span class='ocrx_word' id='word_1_190' title='bbox 1202 3644 1239 3708; x_wconf 92' lang='lat' dir='ltr'>in</span> <span class='ocrx_word' id='word_1_191' title='bbox 1262 3645 1361 3711; x_wconf 88' lang='lat' dir='ltr'>Riola</span> <span class='ocrx_word' id='word_1_192' title='bbox 1383 3647 1472 3713; x_wconf 89' lang='lat' dir='ltr'>Lon-</span> 
     </span>
     <span class='ocr_line' id='line_1_29' title="bbox 416 3746 1471 3834; baseline 0.003 -21"><span class='ocrx_word' id='word_1_193' title='bbox 416 3750 524 3813; x_wconf 91' lang='lat' dir='ltr'>doniis</span> <span class='ocrx_word' id='word_1_194' title='bbox 556 3770 594 3814; x_wconf 90' lang='lat' dir='ltr'>ac</span> <span class='ocrx_word' id='word_1_195' title='bbox 617 3748 741 3834; x_wconf 87' lang='lat' dir='ltr'>singuli</span> <span class='ocrx_word' id='word_1_196' title='bbox 774 3767 973 3812; x_wconf 83' lang='lat' dir='ltr'>successores</span> <span class='ocrx_word' id='word_1_197' title='bbox 1005 3746 1066 3822; x_wconf 90' lang='lat' dir='ltr'>sui,</span> <span class='ocrx_word' id='word_1_198' title='bbox 1097 3746 1140 3810; x_wconf 92' lang='lat' dir='ltr'>ad</span> <span class='ocrx_word' id='word_1_199' title='bbox 1170 3747 1276 3832; x_wconf 90' lang='lat' dir='ltr'>ipsam</span> <span class='ocrx_word' id='word_1_200' title='bbox 1300 3749 1471 3815; x_wconf 90' lang='lat' dir='ltr'>ecclesiam</span> 
     </span>
     <span class='ocr_line' id='line_1_30' title="bbox 416 3846 1472 3935; baseline 0.006 -21"><span class='ocrx_word' id='word_1_201' title='bbox 416 3850 456 3914; x_wconf 92' lang='lat' dir='ltr'>de</span> <span class='ocrx_word' id='word_1_202' title='bbox 479 3856 587 3916; x_wconf 90' lang='lat' dir='ltr'>cetero</span> <span class='ocrx_word' id='word_1_203' title='bbox 611 3849 820 3928; x_wconf 88' lang='lat' dir='ltr'>admittendi,</span> <span class='ocrx_word' id='word_1_204' title='bbox 844 3848 913 3913; x_wconf 88' lang='lat' dir='ltr'>sint</span> <span class='ocrx_word' id='word_1_205' title='bbox 948 3846 1102 3933; x_wconf 87' lang='lat' dir='ltr'>Magistri</span> <span class='ocrx_word' id='word_1_206' title='bbox 1125 3848 1265 3935; x_wconf 83' lang='lat' dir='ltr'>Collegii</span> <span class='ocrx_word' id='word_1_207' title='bbox 1287 3858 1472 3932; x_wconf 89' lang='lat' dir='ltr'>memorati,</span> 
     </span>
     <span class='ocr_line' id='line_1_31' title="bbox 416 3950 1470 4039; baseline 0.003 -20"><span class='ocrx_word' id='word_1_208' title='bbox 416 3958 451 4019; x_wconf 93' lang='lat' dir='ltr'>et</span> <span class='ocrx_word' id='word_1_209' title='bbox 473 3952 563 4037; x_wconf 89' lang='lat' dir='ltr'>quod</span> <span class='ocrx_word' id='word_1_210' title='bbox 586 3953 649 4039; x_wconf 90' lang='lat' dir='ltr'>ipsi</span> <span class='ocrx_word' id='word_1_211' title='bbox 673 3950 864 4027; x_wconf 85' lang='lat' dir='ltr'>successive,</span> <span class='ocrx_word' id='word_1_212' title='bbox 886 3950 948 4015; x_wconf 90' lang='lat' dir='ltr'>sub</span> <span class='ocrx_word' id='word_1_213' title='bbox 979 3951 1227 4035; x_wconf 90' lang='lat' dir='ltr'>nuncupatione</span> <span class='ocrx_word' id='word_1_214' title='bbox 1250 3958 1286 4018; x_wconf 91' lang='lat' dir='ltr'>et</span> <span class='ocrx_word' id='word_1_215' title='bbox 1308 3957 1470 4021; x_wconf 87' lang='lat' dir='ltr'>vocabulo</span> 
     </span>
     <span class='ocr_line' id='line_1_32' title="bbox 416 4049 1470 4141; baseline 0.005 -24"><span class='ocrx_word' id='word_1_216' title='bbox 416 4054 567 4141; x_wconf 88' lang='lat' dir='ltr'>Magistri</span> <span class='ocrx_word' id='word_1_217' title='bbox 601 4052 741 4140; x_wconf 83' lang='lat' dir='ltr'>Collegii</span> <span class='ocrx_word' id='word_1_218' title='bbox 772 4049 933 4138; x_wconf 86' lang='lat' dir='ltr'>praedicti,</span> <span class='ocrx_word' id='word_1_219' title='bbox 964 4051 1099 4115; x_wconf 88' lang='lat' dir='ltr'>nomine</span> <span class='ocrx_word' id='word_1_220' title='bbox 1130 4051 1266 4117; x_wconf 90' lang='lat' dir='ltr'>rectoris</span> <span class='ocrx_word' id='word_1_221' title='bbox 1303 4055 1404 4121; x_wconf 89' lang='lat' dir='ltr'>tacito</span> <span class='ocrx_word' id='word_1_222' title='bbox 1434 4064 1470 4122; x_wconf 90' lang='lat' dir='ltr'>et</span> 
     </span>
     <span class='ocr_line' id='line_1_33' title="bbox 414 4153 1470 4242; baseline 0.002 -21"><span class='ocrx_word' id='word_1_223' title='bbox 414 4156 554 4235; x_wconf 85' lang='lat' dir='ltr'>sublate,</span> <span class='ocrx_word' id='word_1_224' title='bbox 577 4155 723 4242; x_wconf 82' lang='lat' dir='ltr'>Collegio</span> <span class='ocrx_word' id='word_1_225' title='bbox 746 4154 905 4239; x_wconf 89' lang='lat' dir='ltr'>praedicto</span> <span class='ocrx_word' id='word_1_226' title='bbox 927 4159 962 4218; x_wconf 89' lang='lat' dir='ltr'>et</span> <span class='ocrx_word' id='word_1_227' title='bbox 985 4153 1139 4218; x_wconf 89' lang='lat' dir='ltr'>omnibus</span> <span class='ocrx_word' id='word_1_228' title='bbox 1162 4154 1351 4239; x_wconf 88' lang='lat' dir='ltr'>capellanis,</span> <span class='ocrx_word' id='word_1_229' title='bbox 1375 4158 1470 4224; x_wconf 91' lang='lat' dir='ltr'>cleri-</span> 
     </span>
     <span class='ocr_line' id='line_1_34' title="bbox 415 4256 1469 4344; baseline 0.003 -19"><span class='ocrx_word' id='word_1_230' title='bbox 415 4260 470 4337; x_wconf 89' lang='lat' dir='ltr'>cis,</span> <span class='ocrx_word' id='word_1_231' title='bbox 493 4264 528 4323; x_wconf 92' lang='lat' dir='ltr'>et</span> <span class='ocrx_word' id='word_1_232' title='bbox 542 4258 704 4321; x_wconf 90' lang='lat' dir='ltr'>ministris</span> <span class='ocrx_word' id='word_1_233' title='bbox 720 4257 756 4320; x_wconf 93' lang='lat' dir='ltr'>in</span> <span class='ocrx_word' id='word_1_234' title='bbox 780 4257 895 4321; x_wconf 88' lang='lat' dir='ltr'>eodem</span> <span class='ocrx_word' id='word_1_235' title='bbox 917 4256 1125 4342; x_wconf 84' lang='lat' dir='ltr'>praesideant,</span> <span class='ocrx_word' id='word_1_236' title='bbox 1142 4278 1340 4344; x_wconf 90' lang='lat' dir='ltr'>omnemque</span> <span class='ocrx_word' id='word_1_237' title='bbox 1355 4282 1469 4327; x_wconf 90' lang='lat' dir='ltr'>curam</span> 
     </span>
     <span class='ocr_line' id='line_1_35' title="bbox 416 4358 1469 4450; baseline 0.003 -23"><span class='ocrx_word' id='word_1_238' title='bbox 416 4368 450 4427; x_wconf 97' lang='grc'>01</span> <span class='ocrx_word' id='word_1_239' title='bbox 465 4362 610 4447; x_wconf 91' lang='lat' dir='ltr'>regimen</span> <span class='ocrx_word' id='word_1_240' title='bbox 626 4360 819 4436; x_wconf 87' lang='lat' dir='ltr'>animarum,</span> <span class='ocrx_word' id='word_1_241' title='bbox 835 4364 905 4423; x_wconf 91' lang='lat' dir='ltr'>tam</span> <span class='ocrx_word' id='word_1_242' title='bbox 920 4358 1067 4443; x_wconf 87' lang='lat' dir='ltr'>ipsorum</span> <span class='ocrx_word' id='word_1_243' title='bbox 1082 4380 1183 4443; x_wconf 88' lang='lat' dir='ltr'>quam</span> <span class='ocrx_word' id='word_1_244' title='bbox 1205 4359 1350 4427; x_wconf 89' lang='lat' dir='ltr'>aliorum</span> <span class='ocrx_word' id='word_1_245' title='bbox 1373 4385 1469 4450; x_wconf 87' lang='lat' dir='ltr'>paro-</span> 
     </span>
     <span class='ocr_line' id='line_1_36' title="bbox 414 4460 1471 4549; baseline 0 -16"><span class='ocrx_word' id='word_1_246' title='bbox 414 4466 607 4534; x_wconf 88' lang='lat' dir='ltr'>chianorum</span> <span class='ocrx_word' id='word_1_247' title='bbox 620 4481 901 4549; x_wconf 86' lang='lat' dir='ltr'>quorumcumque</span> <span class='ocrx_word' id='word_1_248' title='bbox 911 4460 1009 4527; x_wconf 71' lang='lat' dir='ltr'>dictae</span> <span class='ocrx_word' id='word_1_249' title='bbox 1020 4461 1164 4525; x_wconf 84' lang='lat' dir='ltr'>ecclesiae</span> <span class='ocrx_word' id='word_1_250' title='bbox 1175 4462 1290 4527; x_wconf 89' lang='lat' dir='ltr'>Sancti</span> <span class='ocrx_word' id='word_1_251' title='bbox 1302 4464 1471 4533; x_wconf 89' lang='lat' dir='ltr'>Michaelis</span> 
     </span>
     <span class='ocr_line' id='line_1_37' title="bbox 415 4565 1470 4657; baseline 0.004 -24"><span class='ocrx_word' id='word_1_252' title='bbox 415 4572 541 4657; x_wconf 86' lang='lat' dir='ltr'>gerant,</span> <span class='ocrx_word' id='word_1_253' title='bbox 562 4565 716 4642; x_wconf 89' lang='lat' dir='ltr'>habeant,</span> <span class='ocrx_word' id='word_1_254' title='bbox 734 4568 768 4628; x_wconf 92' lang='lat' dir='ltr'>et</span> <span class='ocrx_word' id='word_1_255' title='bbox 787 4566 972 4641; x_wconf 87' lang='lat' dir='ltr'>exerceant,</span> <span class='ocrx_word' id='word_1_256' title='bbox 991 4584 1029 4629; x_wconf 89' lang='lat' dir='ltr'>ac</span> <span class='ocrx_word' id='word_1_257' title='bbox 1049 4584 1142 4629; x_wconf 89' lang='lat' dir='ltr'>sacra</span> <span class='ocrx_word' id='word_1_258' title='bbox 1162 4569 1196 4628; x_wconf 92' lang='lat' dir='ltr'>et</span> <span class='ocrx_word' id='word_1_259' title='bbox 1217 4570 1470 4638; x_wconf 86' lang='lat' dir='ltr'>sacramentalia</span> 
     </span>
    </p>
   </div>
   <div class='ocr_carea' id='block_1_5' title="bbox 416 4664 1470 4755">
    <p class='ocr_par' dir='ltr' id='par_1_9' title="bbox 416 4664 1470 4755">
     <span class='ocr_line' id='line_1_38' title="bbox 416 4664 1470 4755; baseline 0.002 -21"><span class='ocrx_word' id='word_1_260' title='bbox 416 4687 631 4755; x_wconf 78' lang='lat' dir='ltr'>quaecumque</span> <span class='ocrx_word' id='word_1_261' title='bbox 654 4666 712 4742; x_wconf 88' lang='lat' dir='ltr'>eis,</span> <span class='ocrx_word' id='word_1_262' title='bbox 728 4686 817 4729; x_wconf 89' lang='lat' dir='ltr'>more</span> <span class='ocrx_word' id='word_1_263' title='bbox 841 4664 977 4728; x_wconf 85' lang='lat' dir='ltr'>rectoris</span> <span class='ocrx_word' id='word_1_264' title='bbox 993 4668 1028 4727; x_wconf 89' lang='lat' dir='ltr'>et</span> <span class='ocrx_word' id='word_1_265' title='bbox 1039 4664 1147 4729; x_wconf 90' lang='lat' dir='ltr'>curati</span> <span class='ocrx_word' id='word_1_266' title='bbox 1169 4672 1337 4745; x_wconf 80' lang='lat' dir='ltr'>consueto,</span> <span class='ocrx_word' id='word_1_267' title='bbox 1354 4670 1470 4738; x_wconf 90' lang='lat' dir='ltr'>minis-</span> 
     </span>
    </p>
   </div>
   <div class='ocr_carea' id='block_1_6' title="bbox 0 0 1680 5800">
    <p class='ocr_par' dir='ltr' id='par_1_10' title="bbox 0 0 1680 5800">
     <span class='ocr_line' id='line_1_39' title="bbox 0 0 1680 5800; baseline 0 0"><span class='ocrx_word' id='word_1_268' title='bbox 0 0 1680 5800; x_wconf 95' lang='lat' dir='ltr'> </span> 
     </span>
    </p>
   </div>
  </div>
 </body>
</html>
