3350 5800
437 888 503 961 372
865 906 1049 957 rrrnrnrn

436 1102 569 1175 ejusdem
599 1103 739 1161 Ecelene
775 1102 866 1177 primi
896 1104 1054 1159 denoteris.
1111 1104 1216 1161 Stetno
1246 1120 1327 1174 ergo,
1360 1110 1393 1157 et
1416 1097 1501 1169 regie

436 1188 611 1243 uucwritatn
629 1188 845 1243 corroborendo
865 1186 1011 1258 principio,
1033 1194 1065 1243 nt
1084 1188 1155 1243 ordo
1174 1188 1351 1243 monasticus
1371 1186 1402 1239 in
1423 1202 1499 1256 prer-

437 1270 518 1327 dicte
552 1271 685 1327 teleta
720 1272 804 1327 Beati
835 1270 970 1335 Martini,
1005 1272 1180 1326 auctoritate
1211 1272 1295 1325 Beeti
1327 1268 1499 1324 Innocentii

438 1356 569 1425 Pepeet
585 1355 745 1412 Theobaldi
771 1356 991 1413 centuariensis
1018 1354 1238 1427 Arcbiepisoopi
1263 1354 1431 1419 institutus,
1452 1372 1499 1409 se·

436 1438 566 1493 cundum
595 1439 731 1509 regulam
770 1440 855 1495 Bceti
892 1438 1054 1504 Benedicti,
1087 1437 1298 1493 invielabiliter
1329 1437 1366 1493 de
1397 1444 1500 1493 cetero

438 1522 644 1595 inperpetuum
669 1530 878 1589 conservetur,
917 1540 971 1579 nec
998 1522 1053 1579 alli
1079 1522 1231 1579 homnium
1258 1524 1376 1577 omnino
1408 1522 1500 1577 lineet

437 1606 562 1661 ulterius
587 1606 748 1663 Ecclesium
773 1606 944 1677 predictum
974 1608 1004 1663 in
1030 1606 1151 1663 ulterius
1181 1605 1334 1677 religionis
1361 1605 1499 1661 ordinem

438 1696 642 1745 memorare.
689 1689 767 1749 Volo
792 1691 892 1755 etiam,
917 1694 947 1747 et
974 1691 1056 1761 regie
1081 1690 1255 1747 auctoritate
1286 1688 1435 1760 precipio,
1463 1696 1501 1745 at

436 1773 596 1843 sepedicto
613 1773 745 1829 &ciceia
762 1774 848 1831 Beati
875 1772 1000 1831 Martini
1018 1775 1050 1829 in
1068 1792 1158 1829 menn
1184 1778 1214 1829 et
1244 1772 1374 1829 dominio
1402 1772 1499 1828 Thec-

437 1858 517 1915 tutti
546 1858 771 1929 Archiepiscopi
788 1865 819 1914 st
849 1859 982 1915 omnium
1007 1858 1228 1913 succedentium
1256 1858 1310 1913 sibi
1338 1857 1497 1927 Archiepi·

436 1958 591 2012 scopornm
633 1958 749 2011 semper
791 1948 972 2011 perranum,
1003 1948 1034 1999 ct
1062 1943 1161 1997 nullus
1192 1942 1248 1996 nisi
1273 1938 1497 1997 Gentusrieusis

437 2024 681 2096 Archiepiscopus
707 2024 930 2095 dispositionem
960 2024 1037 2093 [sut]
1063 2024 1278 2081 ordinationem
1315 2024 1496 2079 exteriorum

437 2108 485 2162 rel
503 2108 675 2164 interiorum
695 2126 836 2180 umquem
856 2108 969 2165 habeut.
1008 2108 1103 2176 Qnsro
1123 2110 1188 2163 volo
1206 2115 1236 2163 ot
1253 2106 1401 2179 precipio,
1416 2108 1497 2178 quod

438 2192 521 2257 boun
540 2198 573 2247 et
595 2192 627 2247 iu
645 2208 726 2263 poce,
747 2199 778 2247 et
798 2192 966 2257 honorilice,
981 2197 1011 2248 et
1030 2191 1131 2257 libere,
1145 2197 1175 2247 ct
1193 2192 1292 2263 quiete
1311 2196 1440 2255 teneont,
1461 2191 1493 2245 in

438 2275 523 2330 neco
536 2284 566 2331 ot
579 2276 676 2346 plano,
689 2275 720 2330 iu
737 2276 823 2346 aquis
835 2282 866 2331 et
878 2275 1063 2339 molendinis,
1078 2276 1107 2331 in
1121 2274 1169 2329 via
1182 2282 1211 2331 et
1224 2274 1301 2339 sede,
1316 2274 1347 2328 iu
1366 2274 1495 2344 pasturis

438 2367 469 2416 et
485 2360 623 2424 exitibus,
635 2358 666 2413 iu
684 2358 822 2413 merentis
841 2365 871 2413 et
889 2358 1045 2423 theloneis,
1059 2359 1089 2413 iu
1109 2358 1234 2415 Oivitste
1253 2365 1284 2413 et
1301 2364 1393 2424 estre,
1413 2360 1493 2413 etin

438 2442 575 2497 omnibus
602 2441 767 2506 iocinerum
786 2442 875 2497 soche
893 2450 924 2499 et
941 2443 1038 2505 seclis,
1058 2448 1089 2497 et
1107 2444 1169 2497 thol
1189 2448 1219 2497 et
1236 2443 1328 2508 them,
1348 2448 1379 2497 et
1398 2443 1493 2497 infeu-

437 2526 586 2595 genethel,
618 2532 650 2581 et
677 2542 746 2581 cum
776 2524 915 2579 omnibus
945 2525 1011 2581 eliis
1043 2525 1230 2581 libertatibus
1260 2526 1366 2598 quibus
1395 2524 1495 2595 alique

439 2608 572 2665 Eccleeio
607 2607 714 2663 melius
738 2608 776 2662 de
802 2625 850 2663 me
876 2614 958 2663 tenet
986 2610 1016 2663 iu
1042 2609 1144 2679 cupite.
1183 2608 1335 2664 Testibus:
1368 2610 1495 2679 Rogerio

437 2690 666 2762 Archiepisccpo
685 2692 825 2756 Eburum,
846 2690 985 2761 N(igello)
1006 2692 1125 2761 Elyonsi
1146 2692 1299 2763 Elriscepo,
1318 2698 1374 2749 cte.

299 2949 319 2981 ρ,
328 2939 385 2981 12⁸„
437 2909 632 2978 cst-{cunt
651 2911 775 2966 chssnr
789 2910 1010 2964 Ancnmrrsoorr
1029 2925 1065 2964 nn
1083 2909 1220 2964 Eccnssrl
1240 2909 1345 2966 Since
1365 2911 1492 2968 Mrnruu

269 3027 318 3074 ω
326 3031 387 3078 m
857 3009 894 3048 ne
913 2991 1074 3060 Duronum]

265 3157 352 3202 cm
387 3159 398 3200 f
473 3115 617 3170 Ricardue
656 3114 710 3170 Dei
746 3112 842 3184 gratia
879 3111 1098 3168 Ceutunriensis
1134 3113 1390 3186 Archiepiscopus,
1439 3122 1492 3174 cte.

266 3171 412 3270 subtriiop
440 3199 597 3264 universis,
630 3203 684 3252 etc.
734 3197 777 3250 Ex
808 3196 941 3266 injuncto
970 3195 1054 3252 nobis
1085 3212 1163 3252 curse
1200 3199 1355 3268 pestorslis
1391 3200 1493 3268 officio,

265 3259 404 3358 &mm
437 3283 630 3350 astringimur
648 3281 712 3352 paci
731 3287 762 3334 et
779 3281 872 3352 quieti
891 3281 1095 3350 religiosarum
1114 3281 1267 3336 domorum
1286 3283 1412 3338 sollicite
1430 3303 1494 3356 prc-

266 3359 413 3404 ¹¹¹d⁰¹⁸¹¹⁸¹¹
440 3365 548 3429 videro,
579 3371 620 3428 et,
640 3383 677 3417 nc
702 3369 806 3417 contre
831 3369 944 3417 stetuts
974 3369 1090 3433 petrum
1128 3364 1253 3418 interius
1289 3367 1336 3419 sel
1367 3369 1493 3422 exterius

266 3409 408 3504 iiiam.
440 3456 551 3504 temere
574 3446 794 3518 perturbentur,
820 3465 939 3517 operam
968 3453 998 3501 et
1023 3447 1252 3502 sollicitudinem
1282 3451 1421 3505 convenit
1446 3453 1494 3506 nd·

265 3509 406 3615 {Q
441 3533 551 3589 hibere.
589 3532 635 3588 Ob
653 3531 709 3586 hoc
728 3530 868 3586 nimirum
886 3531 923 3584 sd
950 3531 1081 3586 omnium
1107 3533 1244 3588 notitiem
1270 3532 1407 3590 volumus
1432 3554 1495 3606 per·

440 3617 547 3682 venno,
567 3633 630 3680 nos,
650 3614 784 3684 vestigiis
800 3615 1049 3685 predecessorum
1061 3621 1237 3680 nostrorum,
1252 3617 1335 3670 borne
1348 3621 1495 3674 memorie

437 3699 597 3754 Theoboldi
615 3699 763 3770 quondum
780 3697 1000 3754 cantuariensis
1018 3697 1239 3770 Archiepiseopi
1251 3705 1281 3753 et
1292 3699 1495 3770 gloriosissimi

437 3785 579 3854 Martyris
609 3785 739 3848 Thomoe,
771 3782 960 3846 inherentes,
992 3783 1154 3838 Ecclesium
1186 3782 1269 3838 Bceti
1306 3783 1429 3840 Martini
1458 3788 1495 3843 de

438 3869 570 3921 Dcvorru
586 3885 701 3931 uorem,
737 3884 804 3920 euru
831 3864 979 3920 universis
1007 3873 1037 3920 et
1064 3865 1189 3936 singulis
1225 3867 1262 3921 sd
1287 3867 1382 3938 ipsam
1408 3871 1494 3940 perti·

438 3951 556 4014 neutile,
576 3951 631 4004 snb
649 3949 829 4020 {irritectione
848 3948 903 4002 Dei
921 3956 951 4003 et
978 3949 1094 4004 Sanctae
1120 3949 1339 4006 Centumiensis
1357 3953 1495 4009 Ecclesite

437 4041 467 4089 et
484 4042 585 4090 nostru
603 4034 769 4104 suscepisse,
790 4037 951 4087 statuentes
977 4037 1011 4088 et
1028 4035 1058 4088 in
1085 4033 1187 4088 eedem
1213 4033 1355 4102 Ecclesia,
1374 4055 1440 4108 que
1459 4039 1496 4094 ed

437 4137 491 4174 uos
509 4117 675 4188 specialiter
693 4118 824 4172 noscitur
841 4115 997 4188 pertinere,
1019 4115 1096 4171 siout
1113 4135 1131 4170 a
1158 4117 1310 4187 praelibato
1329 4120 1495 4178 Theobeldo

438 4204 647 4273 predecessore
666 4206 774 4265 nostro,
794 4207 941 4256 aunuente
960 4201 1068 4256 illustri
1086 4201 1253 4272 Anglornm
1273 4203 1355 4273 Rege
1366 4205 1495 4262 Hsnrico

439 4293 469 4341 et
486 4286 541 4339 boc
560 4286 658 4355 ipsum
688 4285 798 4354 scripto
823 4303 876 4338 suo
904 4283 1108 4350 confirmante,
1137 4289 1281 4340 statutum
1310 4304 1372 4342 esse
1399 4289 1494 4346 dinos-

439 4371 526 4434 citur,
546 4373 577 4422 ct
594 4387 612 4422 s
629 4367 737 4421 eunctis
765 4368 897 4438 putribus
926 4367 1054 4422 Summis
1082 4367 1282 4434 Pontificibus,
1312 4368 1493 4440 innocentio,

441 4452 585 4522 lingerio,
604 4448 772 4515 Anastasio,
801 4449 943 4516 Adriano,
971 4451 1149 4516 Alexandro,
1176 4452 1367 4523 solempniter
1392 4457 1494 4510 confir·

441 4541 563 4599 metum,
590 4533 661 4588 ordo
679 4532 888 4587 monachorum
908 4533 1067 4588 secundum
1086 4535 1220 4605 regulum
1239 4535 1323 4590 Booti
1342 4537 1493 4596 Benedicti

441 4623 579 4687 perpetuo
597 4617 774 4670 observetur.
811 4617 860 4671 Ite
878 4623 912 4671 ut
930 4618 1003 4670 nulli
1024 4617 1142 4671 omniuo
1167 4619 1321 4674 hominum
1339 4620 1427 4676 boeet
1444 4631 1495 4679 ent

440 4701 574 4756 ordinem
600 4700 808 4755 monachorum
826 4699 982 4754 abeodem
1009 4702 1072 4755 loco
1091 4719 1266 4766 ammovere,
1286 4711 1339 4758 eut
1357 4705 1388 4760 in
1407 4707 1494 4762 elium

438 4781 589 4859 religionis
607 4785 730 4836 formem
750 4789 955 4838 transmutare.
991 4783 1106 4849 Adbuc,
1126 4791 1160 4839 ut
1187 4784 1264 4840 idem
1284 4785 1493 4846 Monssterium
