3350 5800
644 880 830 931 massoni.
1208 869 1270 934 361

216 1077 298 1135 ribus
316 1078 422 1135 nostris
447 1078 540 1135 libera
564 1078 776 1151 cujuscumque
803 1079 920 1151 generis
948 1080 1068 1147 luerint,
1089 1086 1118 1137 et
1146 1080 1273 1139 liberum

216 1163 385 1235 passagium
412 1162 496 1219 nobis
520 1169 552 1220 et
577 1164 746 1219 hominibus
770 1164 887 1221 nasum.
925 1164 1011 1221 Hane
1028 1171 1129 1223 autem
1148 1184 1271 1223 conven-

218 1245 328 1303 tionem
367 1245 527 1318 predictus
556 1246 703 1302 Ricardus
733 1246 769 1303 de
800 1247 959 1303 Loudoniis
996 1248 1123 1305 fideliter
1156 1266 1273 1305 serrare

216 1328 362 1399 promisit,
382 1328 515 1399 prastito
541 1327 730 1400 solempniter
753 1329 924 1401 juramento
949 1330 980 1385 in
1009 1330 1144 1402 Capitulo
1162 1337 1272 1395 nostro,

217 1420 247 1466 et
265 1414 343 1467 facto
361 1412 444 1467 nobis
463 1411 599 1483 homagio
618 1411 698 1484 quod
716 1412 805 1468 etiam
823 1412 944 1469 heredes
973 1410 1037 1482 ejus
1065 1414 1173 1471 facient
1192 1414 1274 1469 nobis

217 1494 388 1550 successive.
437 1494 504 1549 Hiis
531 1494 676 1550 testibus:
703 1494 833 1551 Martino
865 1497 1040 1564 senescallo,
1073 1498 1205 1555 Gilberto
1236 1497 1273 1552 de

213 1579 303 1644 Aula,
325 1579 483 1635 Guillelmo
501 1579 647 1644 Portari0,
665 1581 795 1636 Roberto
815 1580 968 1647 Godmere,
989 1582 1095 1649 Alano,
1116 1582 1273 1653 Radulpbo

216 1661 252 1718 de
288 1662 453 1728 Bendevill,
484 1661 615 1717 Albredo
645 1663 737 1717 fratre
768 1680 831 1730 suo,
864 1664 1023 1729 Bonifatio,
1062 1665 1200 1737 Philippo
1237 1665 1273 1721 de

216 1746 381 1811 Oothemes,
392 1751 431 1833 ,et
449 1746 552 1801 multis
569 1744 654 1801 aliis.¹

354 2018 655 2098 la-Tussscnrrrou
674 2019 891 2075 Osnrosumnsn
909 2036 946 2075 nu
965 2020 1128 2077 Hispanis.
1318 2046 1350 2137 15¹
1351 2042 1416 2138 {3120

247 2154 410 2219 Universis,
441 2159 501 2208 etc,
527 2152 714 2219 Nlicholaus)
745 2152 830 2207 Prior
866 2160 895 2210 et
926 2154 1094 2227 Capitulum
1125 2156 1264 2212 Ecclesiae
1282 2191 1344 2236 om
1353 2193 1408 2238 Am·

212 2239 324 2295 Christi
349 2237 577 2303 Oantuariensis,
606 2244 660 2291 eto.
680 2238 815 2292 salutem.
860 2238 1010 2294 Noveritis
1036 2240 1114 2311 quod
1138 2256 1191 2297 nos
1217 2241 1264 2297 de·
1282 2242 1356 2288 13³⁰·

212 2322 316 2389 dimus,
346 2321 551 2385 concessimus,
572 2326 602 2375 et
619 2321 675 2375 hae
699 2321 840 2391 prasenti
867 2328 948 2378 carta
965 2330 1065 2379 nostra
1082 2326 1264 2380 confirmavi-
1282 2344 1442 2398 uhecmpter

185 2466 190 2473 ,
212 2424 287 2471 mus,
307 2405 422 2461 dilectis
447 2404 531 2459 nobis
558 2404 590 2458 in
608 2402 725 2458 Christo
743 2404 854 2459 Abbati
879 2413 909 2460 et
931 2404 1097 2462 Conventui
1115 2409 1159 2464 De
1177 2408 1264 2476 Voto,
1281 2394 1437 2500 ffic'ffiey

213 2487 416 2545 Oisterciensis
442 2486 564 2553 ordinis,
584 2486 741 2541 Feruenais
768 2485 902 2543 dioecesis
928 2488 957 2543 in
976 2489 1138 2561 Hybernia,
1166 2507 1266 2549 omnes
1282 2499 1326 2539 tot
1343 2497 1438 2551 echan

212 2578 306 2627 terras
326 2579 356 2627 et
374 2571 496 2649 pradia,
511 2572 623 2625 urbana
641 2586 692 2624 seu
709 2570 909 2642 rusticaque
928 2574 1120 2643 possedimus,
1135 2580 1165 2630 ct
1183 2583 1264 2631 tenu·
1282 2546 1435 2647 igiffesffli,

211 2656 287 2711 imus
314 2656 465 2725 hucusque
490 2655 522 2707 in
549 2653 711 2724 Hybernia‚
740 2669 776 2707 ex
803 2652 879 2708 dono
904 2655 952 2725 pie
978 2658 1127 2713 memoria
1158 2658 1264 2715 nobilis
1281 2646 1447 2751 ζιζξέᾞξζῑῇ

210 2738 356 2809 quondam
375 2737 433 2791 riri
451 2736 562 2791 Hervei
580 2734 616 2790 de
634 2735 736 2790 Monte
754 2735 907 2803 Mauricii,
928 2755 1000 2809 quas
1017 2740 1155 2797 videlicet
1171 2746 1265 2798 terras
1281 2747 1391 2797 rishtsiu

213 2822 390 2876 nominatim
420 2820 558 2875 duximus
589 2819 810 2890 exprimendas;
849 2820 995 2889 videlicet,
1028 2830 1121 2879 totam
1156 2832 1264 2883 terram
1281 2796 1422 2901 iiiiii‘ihep

211 2911 342 2961 nostram
369 2905 406 2960 de
434 2905 560 2970 Kilmor,
590 2903 626 2958 de
652 2903 796 2967 Kenturo,
823 2904 859 2958 de
878 2905 1011 2972 Banewe,
1032 2913 1062 2962 et
1088 2914 1183 2964 totum
1200 2911 1264 2966 red·
1281 2898 1428 2994 {gffl‘iss

210 2987 305 3044 ditum
331 2993 362 3044 et
383 2988 434 3060 jus
459 2992 593 3042 nostrum
620 2984 656 3040 de
683 2984 848 3052 Thamalre,
875 2993 972 3042 totum
998 2989 1087 3044 etiam
1117 2991 1265 3048 redditum
1281 3000 1304 3042 ot
1313 2961 1406 3054 11qu

209 3075 240 3125 et
266 3070 316 3140 jus
346 3076 479 3126 nostmm
510 3068 546 3124 de
578 3069 666 3123 terris
695 3067 733 3122 ad
769 3068 921 3123 ecclesiam
952 3071 988 3125 de
1019 3071 1165 3144 Kilcogau
1198 3091 1262 3145 per·
1282 3050 1391 3150 fflssffi,

209 3154 384 3218 tinentibus,
402 3171 469 3207 cum
495 3151 592 3206 insula
609 3151 645 3205 de
664 3150 797 3216 Banewe,
818 3157 848 3206 et
867 3151 938 3207 duas
956 3154 1066 3209 insulas
1085 3157 1120 3212 de
1141 3157 1260 3224 Saltem,
1279 3151 1428 3245 ffiffiss

212 3257 279 3293 cum
298 3256 400 3294 earum
424 3237 560 3292 omnibus
586 3235 773 3307 pertinentiis
791 3244 821 3290 et
849 3238 1029 3309 appendiciis
1048 3239 1085 3295 ad
1103 3259 1155 3296 nos
1181 3259 1261 3313 spec·
1278 3252 1386 3300 tiontsst

209 3322 350 3385 tontibus,
370 3322 447 3375 sicut
464 3319 570 3374 melius
589 3323 619 3372 et
636 3318 752 3388 plenius
770 3319 912 3389 praedicta
929 3327 1098 3378 tenemento
1114 3342 1180 3379 cum
1200 3323 1262 3380 suis
1277 3301 1436 3404 ffi'ssgney

210 3404 407 3474 pertinentiis,
427 3411 457 3457 et
475 3401 630 3474 praedictas
657 3400 767 3456 insulas
792 3404 942 3458 tenuimus
961 3411 991 3459 et
1009 3405 1174 3474 habuimus,
1194 3426 1260 3464 cum
1277 3402 1438 3504 ggffigffr·

209 3487 343 3543 omnibus
362 3488 423 3542 suis
448 3484 575 3555 juribus,
593 3484 789 3550 libertatibus,
809 3490 839 3540 et
858 3487 924 3541 aliis
942 3489 1143 3558 pertinentiis,
1171 3492 1260 3546 salvis
1278 3503 1429 3554 nuinoran

210 3576 308 3626 tamen
333 3569 477 3642 Episcopo
505 3575 534 3624 et
553 3564 690 3636 Capitulo
708 3567 904 3623 Fernensibus
930 3571 1001 3625 villa
1026 3577 1056 3627 et
1083 3573 1205 3630 ccclesia
1224 3573 1259 3630 de
1276 3553 1361 3597 mm

209 3653 365 3709 Fitherede
384 3671 452 3708 cum
470 3651 531 3706 suis
545 3650 752 3722 juncusque
771 3653 893 3706 luerunt
911 3652 952 3708 eis
970 3671 988 3708 a
1005 3656 1099 3722 nobis,
1118 3675 1171 3728 per
1188 3657 1260 3712 ami-

208 3736 331 3792 cabilem
356 3733 572 3792 concessionem
597 3740 628 3789 et
654 3732 906 3790 confirmationem
932 3736 1069 3808 aliquam,
1098 3757 1260 3806 eoncessae3

212 3827 243 3876 et
268 3821 350 3876 salva
375 3817 530 3875 collatione
557 3817 635 3871 tacta
662 3833 753 3887 super
777 3824 857 3893 terra
883 3818 917 3875 de
941 3821 1116 3894 Thamalgre
1135 3823 1262 3880 Domino

209 3903 343 3960 Gallrido
369 3904 405 3959 de
425 3904 532 3960 Sancto
551 3900 685 3956 Johanne
713 3906 743 3955 et
768 3901 927 3959 heredibus
953 3905 1062 3962 suiset
1089 3906 1154 3978 ejus
1172 3907 1263 3981 assig-

208 3987 295 4055 natis,
315 3988 392 4043 sicut
409 3987 441 4041 in
459 3991 540 4041 carta
551 3990 652 4040 nostra
669 3984 784 4054 plenius
797 3986 974 4043 continetur.
1013 3990 1156 4062 Dedimus
1174 3991 1263 4050 etiam

210 4078 241 4127 et
258 4071 462 4135 concessimus,
483 4077 513 4125 et
539 4070 594 4123 hac
619 4067 757 4139 prasenti
784 4077 866 4125 carta
891 4079 991 4128 nostra
1016 4076 1263 4144 confirmavimus,

210 4156 341 4227 praelatis
366 4154 477 4210 Abbati
504 4159 534 4208 et
560 4151 726 4208 Conventui
751 4153 795 4207 De
820 4153 907 4220 Voto,
929 4158 1006 4227 quod
1034 4157 1091 4230 ipsi
1117 4159 1207 4216 libere
1234 4168 1265 4217 et

208 4239 323 4310 integre
342 4237 514 4309 percipiant,
537 4235 714 4306 pacificeque
738 4234 947 4306 inperpetuum
966 4241 1142 4310 possideant,
1164 4262 1264 4300 omnes

210 4324 334 4390 fructus,
354 4328 525 4394 proventus,
545 4318 743 4383 obventiones,
764 4326 795 4375 et
813 4321 983 4390 oblationes,
998 4325 1130 4382 omnium
1148 4327 1265 4384 ecclesi·

592 4446 612 4450 ...
627 4445 681 4450 ....-
713 4444 926 4452 ,.-Ὶ-ω,-,-..-,..
942 4449 946 4453 .

209 4451 294 4460 m.
307 4450 336 4455 ...
966 4449 975 4454 -
982 4450 1247 4463 --ῌ--φ-...ῄ

240 4516 320 4565 vite
347 4515 436 4564 record
463 4513 530 4562 from
549 4513 631 4564 which
659 4514 703 4564 the
743 4516 766 4567 is
790 4522 919 4574 doubtless
938 4525 982 4574 the
1003 4530 1182 4594 transcriptum
1201 4547 1259 4589 sent

206 4602 307 4661 present
317 4610 384 4658 copy
396 4593 417 4642 is
426 4594 501 4643 made
512 4593 534 4643 is
545 4609 562 4642 a
572 4595 646 4643 small
656 4609 702 4644 un·
743 4599 810 4651 lrom
821 4603 923 4654 Ireland
934 4605 1035 4656 alluded
1049 4607 1109 4658 toln
1126 4609 1169 4660 the
1178 4611 1256 4662 docu-

205 4676 291 4725 seuled
310 4671 358 4736 slip
378 4671 407 4723 oi
423 4672 580 4736 parchment,
593 4674 643 4722 and
661 4672 705 4722 the
746 4688 817 4730 ment
827 4681 857 4731 of
868 4687 930 4733 1308
944 4687 981 4748 (p.
994 4688 1066 4747 368).

207 4752 297 4803 textis
312 4753 359 4803 full
379 4752 408 4802 of
421 4752 523 4803 clerica]
536 4767 620 4802 errore
639 4767 668 4800 as
686 4751 708 4800 if
769 4758 846 4810 2ΤΙιίε
855 4761 1042 4814 coresicleration
1054 4764 1074 4813 ia
1083 4767 1198 4817 statedin
1209 4784 1254 4818 an·

206 4833 249 4881 the
262 4833 330 4881 work
341 4832 371 4880 of
378 4847 410 4880 nn
423 4832 548 4882 unskillcd
559 4832 636 4882 cleris.
679 4835 703 4884 It
745 4839 819 4888 other
831 4855 990 4904 eonveyance
1001 4843 1030 4891 of
1041 4843 1083 4894 the
1093 4860 1162 4895 same
1174 4847 1238 4899 date.
