3350 5800
405 815 446 876 28
864 826 997 875 minem

402 1018 477 1084 bref
489 1040 573 1085 noue
596 1024 692 1085 evetz
716 1017 867 1083 eeriefiez
890 1018 937 1082 du
960 1015 1093 1081 miraele
1116 1035 1218 1100 quore
1241 1014 1336 1080 tarde
1357 1015 1456 1079 nvint

401 1142 443 1186 en
466 1127 577 1187 vostre
600 1120 716 1207 eegliee
749 1140 793 1185 eu
826 1124 926 1205 seynt
956 1118 1078 1183 feretre
1102 1118 1147 1182 du
1170 1115 1313 1203 glorions
1336 1114 1455 1180 Mareir

401 1222 497 1288 Seini
531 1222 682 1300 Theman,
705 1226 740 1287 ei
771 1242 887 1287 evome
925 1220 982 1309 [de
1004 1241 1040 1284 ee
1075 1220 1131 1304 qe]
1153 1240 1239 1284 noue
1271 1224 1322 1283 eet
1344 1218 1454 1282 errive

400 1330 591 1411 iresgreuni
614 1329 647 1389 ei
670 1323 834 1389 excellent
857 1344 961 1400 cause,
984 1326 1019 1387 et
1048 1342 1132 1386 noue
1156 1325 1191 1385 ei
1213 1342 1308 1398 vous,
1331 1320 1371 1384 de
1394 1323 1454 1384 eni

400 1428 536 1493 mercier
558 1426 606 1490 lui
630 1426 725 1491 Heni
748 1425 938 1511 Severeyne
973 1423 1097 1489 Moeire
1129 1424 1187 1487 des
1210 1422 1368 1499 mireelee,
1395 1420 1455 1506 qui

400 1535 486 1595 ceste
509 1529 642 1595 mireele
673 1529 717 1594 ed
747 1528 826 1615 plen
859 1533 1023 1594 monstret
1058 1549 1100 1593 en
1122 1549 1185 1593 nez
1215 1534 1332 1613 temps,
1354 1531 1390 1591 et
1411 1547 1455 1590 en

400 1655 466 1699 une
489 1653 625 1719 persone
649 1638 831 1719 estreunge‚
855 1632 975 1698 eieome
998 1652 1083 1717 pour
1098 1630 1256 1696 extendre
1279 1652 1316 1695 es
1330 1629 1454 1716 pmiiee

401 1740 595 1821 eeirnungez
630 1740 664 1800 ei
698 1735 872 1800 loinieines
906 1735 939 1798 le
960 1733 1123 1821 gloriouee
1148 1730 1388 1820 [renommee]1
1411 1731 1453 1795 de

401 1836 483 1903 son2
517 1858 637 1924 verrey
661 1842 790 1923 martyr
824 1836 939 1901 suedie
986 1836 1081 1901 Nous
1113 1835 1236 1899 semble
1270 1836 1376 1919 parmi
1407 1854 1453 1908 ee,

401 1960 440 2025 qe
464 1960 547 2005 nous
570 1961 679 2005 sumes
701 1938 964 2005 ireeheuiement
987 1943 1087 2003 ienuz
1111 1937 1151 2001 de
1174 1937 1235 2022 luy
1250 1936 1328 2013 loer,
1344 1942 1379 2002 et
1393 1942 1452 2001 eni

399 2042 517 2107 rendre
540 2042 657 2107 mereiz
679 2047 714 2107 ei
735 2062 859 2127 grecez,
875 2046 910 2106 ei
930 2042 958 2106 ei
982 2040 1013 2105 le
1029 2040 1169 2105 voiioms
1190 2039 1272 2104 fane
1288 2039 1394 2126 parmi
1416 2060 1455 2103 se

400 2165 495 2229 grece
526 2144 567 2209 de
599 2148 709 2209 nostre
744 2143 878 2228 eni(ier)
913 2164 1000 2229 poer,
1032 2163 1152 2208 saunez
1187 2140 1340 2220 feiniise3
1362 2162 1453 2225 espe-

400 2244 557 2311 eialmeni
588 2267 670 2335 qous
702 2244 911 2330 empriauniz
943 2265 983 2329 qe
1017 2243 1247 2329 pereillement
1277 2243 1318 2307 de
1341 2245 1451 2306 voeire

400 2345 498 2434 pert³
520 2348 550 2412 le
573 2347 695 2412 vuiliez
717 2347 813 2427 faire,
835 2368 856 2411 a
887 2346 996 2412 honur
1018 2347 1060 2411 de
1094 2345 1154 2431 luy
1177 2345 1219 2409 de
1253 2345 1310 2429 qui
1333 2342 1451 2408 sourde

401 2453 477 2513 tout
499 2448 576 2513 bien
600 2454 633 2514 et
656 2448 771 2527 honur,
796 2453 830 2513 ei
854 2470 897 2514 eu
928 2448 1014 2513 bene
1038 2447 1190 2533 example
1221 2447 1262 2511 de
1291 2450 1368 2510 touz
1390 2466 1452 2509 voz

401 2549 581 2635 subgeeiez.
628 2551 672 2615 Ei
694 2554 890 2628 venement,
913 2549 1071 2615 treeehier
1101 2569 1211 2633 eoeyn
1235 2569 1317 2614 neue
1339 2567 1453 2612 evome

401 2651 595 2738 ireeperiait
617 2674 814 2738 espereunee
838 2674 904 2738 qen
925 2656 1034 2737 temps
1068 2651 1109 2715 de
1132 2671 1217 2715 nous
1240 2656 1275 2714 ei
1297 2650 1338 2714 de
1360 2670 1453 2725 vous,

401 2759 530 2819 senoni
551 2775 613 2820 noz
635 2755 751 2821 noblez
774 2761 808 2820 et
830 2760 964 2839 eeyntm
987 2754 1234 2841 predeceseoure
1255 2750 1331 2837 plue
1352 2750 1453 2836 glori-

401 2857 462 2922 fiez
485 2878 526 2942 qe
548 2857 675 2923 deveni
697 2857 794 2945 longe
816 2863 925 2943 temps
955 2861 1041 2923 nont
1075 2861 1172 2936 estez,
1196 2853 1278 2919 dont
1301 2853 1335 2919 la
1356 2873 1452 2918 muse

401 2957 650 3024 verieemblable
673 2981 714 3044 qe
737 2979 820 3024 nous
843 2978 957 3023 moeve
981 2964 1032 3023 est
1053 2957 1142 3035 celle,
1165 2977 1229 3042 qen
1252 2977 1314 3021 noz
1336 2959 1454 3040 iemps,

400 3065 469 3128 cesi
507 3060 654 3126 essevoir
687 3061 727 3126 de
759 3066 901 3146 present,
924 3081 986 3125 noz
1018 3060 1082 3125 foie
1115 3065 1149 3124 et
1181 3079 1337 3124 ereeunee
1369 3061 1453 3122 euni

400 3162 552 3247 plueoure
589 3184 723 3248 enemys
747 3183 787 3246 qe
821 3162 862 3227 de
894 3166 1002 3246 iemps
1036 3161 1112 3225 hors
1146 3160 1187 3225 de
1218 3159 1371 3224 memorie
1393 3181 1451 3223 na-

401 3265 523 3341 voient,
546 3263 593 3329 les
617 3283 707 3347 quex
741 3284 801 3348 per
832 3263 865 3327 le
887 3263 1006 3328 mereie
1037 3261 1078 3327 de
1101 3260 1207 3327 Jhesu
1230 3260 1320 3328 crist
1343 3265 1378 3326 ei
1400 3281 1453 3326 ees

400 3365 581 3452 glorioueez
615 3364 765 3430 mireelee
800 3369 937 3442 eerront,
959 3385 980 3428 a
1011 3384 1047 3428 ee
1081 3384 1122 3449 qe
1145 3384 1229 3428 noue
1252 3383 1387 3439 ereoms,
1410 3363 1451 3426 de

401 3467 490 3532 lours
515 3487 643 3532 errours
667 3471 848 3551 convertyn
870 3487 892 3530 a
914 3465 988 3530 veie
1011 3462 1053 3529 de
1067 3463 1178 3545 selue3
1200 3464 1285 3531 celui
1300 3463 1387 3528 Dieu
1410 3463 1451 3528 de

401 3591 437 3634 sa
459 3570 561 3635 heuie
585 3569 781 3655 puisseunee
816 3567 993 3633 lotiroiee
1026 3566 1185 3653 inglorie
1208 3567 1248 3631 de
1272 3567 1331 3651 luy
1355 3570 1389 3629 et
1411 3565 1452 3630 de

401 3675 495 3737 toute
518 3678 642 3758 seyntz‚
667 3676 702 3736 ei
724 3671 757 3737 le
791 3669 982 3735 salvacioun
1016 3668 1057 3734 de
1080 3690 1158 3735 soen
1180 3669 1295 3754 poeple
1318 3667 1451 3732 nniver-

401 3773 474 3839 eele.
520 3772 690 3838 Tresehier
729 3793 837 3856 eoeyn,
862 3771 903 3836 de
942 3792 1003 3836 voz
1040 3769 1211 3845 nomllez,⁴
1232 3775 1267 3834 ei
1304 3770 1345 3834 de
1376 3775 1452 3834 tout

402 3879 571 3962 quenique
594 3896 678 3940 vous
702 3896 816 3940 vorrez
837 3873 920 3940 auxi
951 3873 1068 3938 devere
1090 3894 1182 3950 vene,
1204 3894 1288 3937 noue
1311 3872 1454 3936 certifiez

401 4001 464 4066 pur
500 3983 612 4044 nostre
650 3998 790 4057 amour3
827 3977 983 4043 snebeniz
1015 3997 1056 4062 qe
1086 3996 1170 4040 noue
1201 3995 1348 4039 verroms
1371 3981 1452 4039 tres-

400 4079 583 4144 voluntiers
606 4078 690 4144 faire
715 4084 790 4144 iout
813 4099 850 4143 ee
873 4099 916 4163 qe
937 4078 1046 4143 honur
1076 4098 1158 4143 vous
1181 4075 1320 4163 purrez¹⁵
1341 4081 1455 4142 irover

401 4185 435 4246 ei
458 4181 567 4267 plesir.
614 4179 659 4245 Ei
681 4179 712 4245 19
736 4180 845 4268 Seyni
867 4179 981 4265 Eeprit
1003 4200 1086 4246 vous
1123 4180 1171 4244 eii
1203 4201 1244 4244 en
1276 4201 1312 4244 ee
1343 4179 1453 4265 garde.

401 4281 498 4347 Done
513 4302 592 4347 eouz
616 4285 730 4346 nostre
754 4282 864 4366 signet
887 4302 908 4346 e
931 4285 1042 4346 noeire
1068 4279 1216 4348 chaeteu
1240 4281 1281 4345 de
1304 4279 1401 4346 Gorfe
1424 4280 1456 4346 19

400 4384 457 4471 vij.
477 4385 556 4471 jour
578 4382 718 4470 Daugsi.
798 4439 803 4444 .

435 4599 442 4632 ¹
463 4603 604 4658 renommee,
616 4611 668 4646 em.
679 4593 734 4646 Me.
986 4596 997 4627 ⁴
1015 4613 1077 4647 vene
1089 4596 1207 4659 vendin,
1219 4596 1275 4650 MS.

435 4678 445 4711 2
462 4677 559 4736 deisona,
570 4676 628 4727 MS.
986 4673 997 4706 ⁵
1011 4690 1104 4741 perra,
1116 4677 1172 4728 MS.

435 4758 446 4792 ³
455 4758 523 4824 fan,
535 4756 595 4810 ms.
