3350 5800
435 857 475 913 lu
892 870 1023 917 erasas:

432 1064 552 1107 mesine
575 1046 607 1107 ie
630 1050 724 1113 terre.
740 1066 834 1130 apres
857 1044 888 1109 le
912 1044 964 1109 dit
986 1046 1062 1124 fest,
1078 1046 1223 1131 adonqes
1238 1067 1302 1131 pur
1324 1047 1355 1111 le
1378 1052 1485 1131 temps

431 1144 472 1208 de
495 1144 568 1209 lour
601 1146 738 1211 absence
771 1146 878 1211 soient
916 1152 1015 1211 tenuz
1049 1148 1207 1212 denuoier
1238 1154 1273 1213 et
1303 1147 1344 1212 de
1375 1152 1487 1211 trover

431 1246 581 1331 illoesqes
604 1254 703 1333 gentz
726 1248 930 1313 defensabies
952 1272 994 1313 en
1016 1249 1091 1314 tour
1112 1249 1208 1325 liena,
1231 1271 1273 1313 en
1296 1248 1430 1313 defense
1445 1248 1485 1311 de

431 1370 552 1413 rnesme
586 1350 618 1415 le
653 1356 747 1427 terre,
771 1350 882 1415 solone
913 1372 969 1416 oeo
1003 1372 1043 1436 qa
1078 1351 1108 1415 le
1131 1351 1290 1416 necessite
1321 1370 1485 1435 sequena,

431 1451 522 1515 siant
547 1451 682 1537 regards
707 1452 747 1517 de
771 1452 804 1516 ls
827 1452 980 1536 quantite
1004 1457 1038 1516 et
1060 1474 1082 1517 a
1102 1452 1135 1517 le
1158 1450 1255 1516 velue
1275 1451 1333 1515 des
1348 1471 1486 1514 mesmes

431 1551 476 1615 les
501 1568 610 1629 terres,
634 1558 751 1631 rentes,
775 1552 891 1631 offioes,
914 1560 950 1617 et
980 1553 1106 1619 aultres
1128 1554 1348 1639 possessions3
1369 1558 1403 1616 et
1427 1550 1485 1614 siis

430 1674 471 1717 ne
495 1654 611 1731 feeerit
636 1655 744 1719 soient
767 1654 813 1718 les
836 1654 925 1719 deux
949 1656 1074 1739 parties
1097 1655 1155 1719 des
1178 1654 1294 1739 pmfits
1309 1653 1350 1717 de
1365 1653 1485 1735 iour(s)

430 1762 544 1833 terres,
567 1762 686 1831 rentes,
702 1756 818 1832 offiees,
843 1762 878 1821 et
892 1758 1094 1841 possessione
1116 1756 1312 1820 avauutdits
1334 1754 1436 1829 levez,
1452 1761 1486 1817 et

429 1864 604 1921 eonvertez
637 1879 658 1922 a
690 1858 722 1922 la
756 1858 858 1943 garde
891 1858 932 1923 de
964 1880 1087 1923 mesine
1118 1858 1152 1922 la
1173 1863 1271 1934 terre,
1293 1878 1355 1943 par
1376 1856 1486 1920 lsdvis

429 1958 485 2022 des
509 1958 654 2023 Justioes
677 1965 711 2023 et
734 1958 944 2024 Gosernours
967 1960 1008 2024 de
1039 1980 1160 2023 mesine
1192 1958 1224 2024 le
1246 1964 1343 2034 terre,
1364 1958 1399 2041 qi
1423 1977 1485 2042 pur

429 2068 535 2145 temps
558 2066 707 2141 serront;
738 2060 885 2147 horspris
919 2067 1032 2125 tontes
1064 2061 1152 2137 foitz‚
1176 2082 1216 2145 qe
1246 2060 1294 2123 les
1324 2058 1484 2123 benefices

429 2162 470 2225 de
493 2183 574 2227 ceux
598 2163 632 2247 qi
656 2169 732 2227 sont
755 2184 796 2227 en
820 2164 851 2227 ie
873 2162 998 2227 servios
1021 2162 1068 2227 du
1099 2162 1184 2247 Roy,
1206 2183 1248 2226 ou
1272 2160 1485 2225 estudiauntz

431 2284 471 2325 en
496 2263 721 2339 universitees,
744 2284 787 2328 ou
810 2264 888 2328 hors
911 2264 952 2327 de
975 2284 1096 2327 mesme
1119 2262 1153 2327 la
1182 2268 1268 2326 terre
1291 2284 1351 2347 por
1374 2282 1485 2325 reson·

430 2362 504 2427 able
527 2384 623 2429 deuse
646 2364 687 2428 de
711 2363 743 2428 le
777 2363 901 2429 lieenoe
935 2364 980 2427 du
1004 2364 1080 2448 Roy
1102 2363 1262 2429 dessoubz
1293 2383 1354 2427 sou
1377 2360 1483 2448 grand

428 2465 504 2537 seel,
528 2486 570 2529 en
592 2465 796 2552 Angleterre,
812 2488 854 2531 ne
877 2487 967 2530 serra
990 2466 1067 2550 pris,
1090 2465 1243 2551 nsppliez
1265 2486 1286 2529 a
1317 2465 1365 2528 les
1396 2463 1483 2527 ditas

426 2567 526 2652 garde
550 2573 584 2632 et
607 2566 753 2643 defense,
768 2572 900 2651 sorsque
923 2572 1001 2631 tant
1016 2566 1179 2631 soloment
1201 2566 1235 2630 la
1258 2567 1358 2631 tieree
1374 2564 1490 2650 partie

427 2668 467 2732 de
489 2668 523 2733 le
545 2668 641 2733 velue
665 2668 807 2745 dieessez,
824 2669 871 2733 les
894 2669 1058 2733 ordinaire
1081 2675 1116 2733 et
1130 2668 1330 2734 necessarios
1345 2664 1483 2751 charges

431 2770 577 2847 rebatur,
616 2770 727 2836 solone
763 2771 793 2835 ie
831 2770 1074 2836 sertiticseioun
1111 2771 1153 2836 de
1190 2771 1265 2835 lour
1310 2768 1481 2833 ordinaire

427 2872 540 2937 Donez
573 2871 602 2936 le
636 2871 725 2957 xijffl0
754 2873 832 2957 jour
865 2872 907 2938 de
943 2873 1062 2950 Meros,
1088 2872 1144 2938 len
1176 2872 1222 2936 du
1245 2876 1357 2937 nostre
1381 2891 1481 2956 regne

328 2995 332 3004 ·
426 2975 533 3040 tiarae.

285 3352 390 3417 noroy
495 3321 805 3390 ‘effe-Onussam
830 3325 980 3382 Annene
1003 3334 1050 3382 os
1074 3317 1170 3381 Varo
1193 3335 1231 3383 ns
1254 3318 1406 3383 Wsstrs.

303 3423 374 3470 rasa.

256 3511 359 3574 Regu.
473 3485 640 3551 Noverint
675 3483 820 3548 universi
870 3503 929 3568 per
965 3486 1153 3566 praesentes,
1189 3503 1250 3545 nos
1293 3480 1480 3546 Johannem

256 3577 340 3628 ³⁰⁴⁶·
429 3587 609 3674 Westbyeh
633 3586 799 3651 Abbstenr
823 3585 864 3649 de
895 3584 1075 3669 Tynterna‚
1098 3583 1324 3650 Cistereiensis
1347 3582 1481 3658 ordinis,

254 3676 407 3792 onhphpbbot
428 3690 654 3756 Lendsvensis
669 3687 826 3764 dioecesis,
843 3686 948 3751 teneri
971 3692 1006 3750 et
1024 3685 1164 3750 firmiter
1178 3685 1318 3772 obligari
1332 3685 1356 3749 J
1357 3685 1480 3750 ohanni

254 3809 340 3860 Welsh
352 3808 414 3858 'Itn-
428 3792 640 3880 permissione
657 3791 774 3855 divine
794 3788 896 3854 Priori
915 3787 1068 3852 Eeelesiae
1085 3786 1213 3854 Christi
1230 3787 1479 3852 Ceutueriensis

253 3874 377 3993 ζξήζῗξυ
426 3902 460 3960 et
483 3893 629 3980 ejusdem
655 3890 846 3957 Conventui
878 3890 914 3954 in
937 3889 1158 3975 quadraginta
1191 3887 1284 3952 libris
1306 3887 1480 3973 sterlingo-

255 4025 305 4074 poy
318 4007 361 4058 the
424 4019 498 4062 turn
525 4004 616 4059 bonae
638 4000 671 4059 et
699 3994 813 4081 legalis
847 3998 997 4068 monetae,
1020 3991 1188 4056 solvendis
1218 3988 1339 4054 eisdem
1373 3989 1480 4054 Priori

251 4075 387 4192 ffiffiffi
425 4103 460 4164 et
481 4095 627 4182 ejusdem
651 4094 713 4159 looi
737 4093 925 4159 Conventui
948 4094 991 4158 ed
1014 4093 1136 4157 festum
1160 4091 1317 4157 Omnium
1341 4090 1481 4155 Sancto·

251 4211 296 4258 bot
308 4208 338 4258 of
346 4207 390 4257 the
426 4223 498 4264 rum
530 4199 679 4285 proxime
715 4196 869 4261 futurum
892 4201 968 4281 post
989 4196 1102 4260 datam
1132 4193 1355 4280 praesentium,
1388 4193 1479 4277 apud

250 4274 401 4391 32⁸„thss
426 4301 649 4376 Cantuerioru,
674 4298 744 4363 sine
768 4297 917 4362 ulteriori
934 4297 1099 4363 dilatione.
1146 4296 1200 4360 Ad
1223 4316 1323 4381 quam
1345 4293 1479 4379 quidem

251 4411 283 4457 (¹⁰
296 4406 396 4468 sawt!
426 4403 621 4469 solutionem
656 4400 886 4486 praedictarum
919 4399 1139 4484 quadraginta
1177 4397 1335 4461 librarum
1359 4395 1413 4459 die
1444 4399 1480 4458 et

247 4471 403 4592 ffffliss,
425 4506 495 4571 loeo
518 4503 747 4588 suprascriptis
762 4502 846 4566 bene
861 4505 896 4565 et
918 4500 1060 4564 fideliter
1074 4499 1266 4576 faciendam,
1289 4497 1480 4576 tenendam,

247 4615 300 4657 tore
311 4606 399 4684 (19ῦὶ10
424 4623 456 4674 et
474 4605 735 4693 persolvendam,
769 4603 952 4688 obligamus
975 4623 1034 4666 nos
1064 4606 1099 4666 et
1121 4621 1318 4666 successores
1349 4604 1479 4663 nostros

248 4673 409 4802 ζξζζέθὴῗ.
423 4733 482 4798 per
503 4712 690 4795 praesentes.
737 4705 778 4769 In
795 4705 897 4790 enjus,
921 4709 980 4769 ete
997 4703 1153 4768 vicesimo
1169 4702 1222 4767 die
1245 4703 1368 4767 mensis
1383 4701 1407 4765 J
1408 4701 1478 4777 ulii,

247 4805 399 4922 diffluo?
420 4835 507 4880 anno
531 4810 624 4896 regui
647 4809 746 4894 Regis
770 4806 904 4872 Rieardi
928 4805 1072 4872 Secundi
1096 4805 1277 4870 undecimo.
