3350 5800
552 863 847 916 cmwrsruusns.
1170 842 1233 912 171

164 1126 425 1196 lule-Dora
441 1142 484 1192 nr
499 1139 691 1192 susurrem
705 1123 1009 1189 annanvnrssnrr
1024 1137 1064 1186 nv
1075 1117 1231 1187 Onasro
1273 1129 1377 1194 (κιο.)

348 1243 474 1293 raram
489 1242 532 1290 nr
547 1241 678 1290 nomm
704 1223 844 1288 Donnu
870 1222 1026 1288 Hnunrcr
1041 1219 1234 1288 Osrcnnnu
1246 1233 1318 1286 cm.
1330 1234 1393 1284 sne

353 1327 644 1394 Gaurumsusis
671 1325 957 1390 Aacmnrrscoer.
1245 1301 1276 1352 ¹*
1290 1304 1346 1352 ¹⁸⁰·

210 1485 266 1550 Na
289 1486 383 1552 dona
405 1490 440 1550 et
469 1483 641 1559 beneficia,
665 1487 735 1547 tam
759 1481 947 1567 spiritualia
977 1501 1078 1566 quam
1108 1484 1234 1564 tempo·
1247 1477 1394 1594 thipasa

166 1587 259 1666 ralia,
282 1609 306 1654 a
328 1591 427 1674 patre
449 1584 688 1670 benignissimo
715 1583 784 1648 suis
806 1583 843 1647 in
868 1582 1002 1648 Christo
1024 1583 1103 1648 filiis
1125 1589 1234 1670 pater·
1249 1550 1364 1673 ἐξὲξ

170 1687 293 1754 naliter
316 1689 448 1766 collata,
472 1709 532 1774 per
555 1685 718 1752 incuriam
750 1684 935 1750 tradantur
957 1684 1137 1767 oblivioni:
1166 1677 1377 1792 gambaron?

170 1792 391 1876 presentium
414 1810 516 1876 quam
539 1788 732 1854 futurorum
765 1787 933 1853 memoriae
964 1788 1121 1854 duximus
1151 1745 1380 1872 com-IIII?-

171 1895 415 1973 mendandum,
431 1892 519 1978 quod
547 1889 860 1956 Reverendissimus
877 1890 914 1954 in
930 1889 1066 1955 Christo
1090 1895 1187 1976 pater
1202 1896 1237 1956 et
1249 1874 1377 1992 3¹¹¹thssss

173 1995 332 2062 dominus
381 1995 546 2060 Dominus
586 1991 754 2056 Henricus
794 1989 975 2076 Ohychele,
1024 1993 1238 2078 permissione
1250 1959 1368 2062 odirent
1377 1985 1406 2058 of

172 2099 290 2166 divina
313 2103 533 2167 sacrosanctas
557 2094 810 2162 Oentuan‘ensis
831 2095 987 2160 Ecclesia
1008 2075 1363 2195 mammiaco-31¹1&

175 2221 246 2287 pus,
263 2203 375 2269 totius
390 2199 524 2287 Angliae
547 2197 685 2274 Primas,
701 2200 737 2261 et
751 2195 952 2281 Apostolicae
975 2197 1071 2262 Sedis
1086 2197 1239 2284 Legatos,

174 2304 228 2371 cui
251 2305 401 2390 gratiam
423 2304 460 2367 in
482 2299 640 2388 praesenti
664 2303 699 2363 et
714 2297 854 2384 gloriam
876 2299 914 2362 in
935 2298 1050 2365 futuro
1065 2300 1241 2366 concedere

176 2407 340 2493 dignetur
362 2404 509 2472 Trinitas
532 2400 689 2477 indivisa,
711 2421 755 2464 ex
777 2421 839 2464 sua
869 2399 1101 2468 benevolentia
1130 2408 1239 2488 pater·

177 2508 255 2586 nali,
280 2514 317 2576 et
341 2508 476 2574 sincerae
512 2502 700 2568 dilectionis
731 2500 1178 2589 favore,quarne1·gasuos
1206 2505 1244 2569 in

179 2611 318 2678 Christo
354 2610 440 2674 filios
471 2613 507 2673 et
538 2603 726 2690 capellanos
760 2625 820 2668 suo
854 2604 1012 2670 continue
1045 2606 1180 2694 gerebat
1208 2607 1246 2671 in

180 2719 325 2799 pectore,
349 2711 437 2777 dona
459 2714 495 2776 et
516 2705 679 2772 beneficia
701 2704 825 2770 eisdem
854 2706 1073 2791 paternaliter
1101 2707 1247 2773 contulit

181 2814 417 2902 infrascripta:
461 2807 629 2888 videlieet,
664 2829 771 2873 unum
806 2807 1045 2874 vestimentum
1079 2810 1245 2896 integrum

181 2918 355 3004 solempne
387 2920 422 2982 et
453 2913 639 3001 preciosum
662 2910 705 2977 de
735 2910 811 2975 albo
834 2910 977 2988 velveto,
1000 2933 1076 2977 cnm
1109 2912 1246 2978 floribus

181 3040 417 3087 saracenorum
440 3013 612 3102 splendide
636 3011 905 3098 pulverizatum
929 3034 1095 3079 unacum
1119 3013 1248 3080 duabus

182 3122 302 3209 cappis
317 3125 352 3187 et
374 3118 461 3185 albis
485 3115 636 3203 ejusdem
658 3118 757 3179 sectae
780 3120 816 3179 et
832 3114 963 3193 coloris,
978 3114 1049 3179 suis
1063 3116 1100 3179 in
1115 3114 1249 3182 Christo

184 3224 268 3291 tiliis
306 3228 341 3287 et
379 3218 568 3287 oratoribus
605 3214 786 3281 antedictis
831 3214 1049 3301 paternaliter
1085 3216 1180 3283 dedit
1215 3222 1251 3284 et

185 3326 382 3413 ffignavit
427 3323 535 3387 Item:
565 3318 649 3384 duas
673 3316 754 3383 ollas
789 3322 964 3405 argenteae
998 3322 1033 3383 et
1066 3318 1251 3396 deauratas,

186 3428 231 3495 ad
257 3449 337 3493 risus
359 3424 486 3490 Prioris
508 3419 664 3487 Ecclesia
686 3438 756 3484 suae
779 3418 837 3503 qui
868 3440 929 3504 pro
960 3423 1108 3505 tempore
1138 3420 1251 3498 fuerit,

188 3528 335 3616 benigne
349 3524 494 3593 contulit
508 3528 543 3588 et
559 3520 707 3586 donavit.
752 3518 862 3585 Item:
878 3519 960 3585 duas
975 3521 1057 3587 ollas
1072 3527 1253 3607 argenteas,

186 3632 273 3698 duos
309 3628 443 3715 congios
474 3624 576 3691 ferme
614 3620 831 3697 continentes,
870 3620 915 3687 ad
945 3642 1025 3687 mus
1067 3622 1189 3688 Prioris
1219 3627 1255 3689 et

192 3732 387 3799 Conventus
422 3728 459 3793 in
497 3724 676 3802 refectori0,
706 3728 824 3809 sponte
857 3721 952 3788 dedit
986 3728 1021 3789 et
1061 3724 1253 3813 assignavit

193 3836 301 3901 Item:
332 3837 476 3919 quatuor
507 3828 591 3895 ollas
623 3830 808 3913 argenteas,
830 3829 975 3910 quatuor
996 3825 1137 3911 potellos
1159 3848 1254 3914 paene

194 3935 412 4012 continentes,
436 3932 479 3999 ad
501 3950 583 3996 usus
619 3926 743 3993 Prioris
775 3930 811 3992 et
844 3926 1039 3994 Conventus
1068 3928 1105 3993 in
1137 3928 1253 3998 Mensa

195 4032 463 4127 Magistrorum¹
484 4034 659 4121 gratanter
697 4028 792 4096 dedit
830 4033 866 4094 et
904 4028 1095 4115 assignavit.
1141 4030 1249 4097 Item:

196 4163 298 4209 unam
320 4160 442 4206 navem
471 4138 672 4221 argenteam,
696 4131 790 4197 etin
812 4130 911 4195 certis
941 4130 1093 4216 partibus
1114 4132 1253 4200 deaura-

194 4250 276 4322 tam,
313 4264 374 4329 pro
411 4236 593 4305 elemosina
639 4231 850 4318 imponenda,
886 4232 1034 4318 praefatis
1072 4234 1178 4301 Priori
1219 4242 1254 4305 et

199 4343 391 4415 Conventui
414 4358 595 4424 eorumque
610 4334 855 4403 successoribus
876 4335 1146 4404 conditionaliter
1159 4338 1253 4404 dedit

198 4455 233 4515 et
254 4445 446 4535 assignavit.
494 4441 603 4509 Item:
636 4438 678 4504 ad
713 4436 877 4504 fabricam
914 4460 973 4503 seu
1010 4440 1253 4525 reparationem

234 4703 358 4755 ¹Meaau
377 4700 455 4767 May.
477 4713 530 4750 var
558 4698 602 4749 tha
628 4694 719 4760 dining
741 4692 795 4745 hul
869 4692 913 4741 the
931 4691 1121 4743 wuvalaseenta
1141 4691 1256 4759 residing
1357 4724 1359 4731 ·

200 4780 438 4844 lnthelnfirmary.
