3350 5800
450 850 513 913 254
900 862 1034 911 armam

448 1051 488 1110 ut
510 1047 703 1131 accepimus,
727 1046 959 1131 principatum,
982 1051 1018 1111 et
1048 1046 1091 1109 ed
1123 1066 1223 1131 quam
1255 1047 1421 1109 universae
1442 1067 1497 1109 ne-

448 1148 549 1212 tionis
582 1148 777 1235 Anglieanve
809 1149 932 1223 fideles,
974 1148 1017 1212 ob
1051 1149 1212 1233 praeclara
1244 1149 1366 1213 merita
1406 1148 1495 1212 Beati

449 1248 593 1327 Therme,
624 1252 702 1315 elim
730 1250 982 1316 Cantuariensis
1016 1251 1273 1336 Arcbiepiscepi,
1309 1250 1367 1335 qui
1399 1251 1500 1333 ipsam

448 1374 508 1417 suo
539 1354 654 1418 inclito
684 1354 848 1438 martyrio
863 1353 1071 1418 consecravit
1093 1357 1196 1438 atque
1223 1350 1414 1427 miraculis,l
1438 1352 1501 1413 sin-

447 1455 597 1543 gularem
632 1455 816 1520 devotionis
850 1461 974 1543 gerunt
1006 1454 1172 1531 affectum,
1206 1456 1325 1539 cuique
1364 1454 1501 1517 dilectus

447 1557 536 1621 lilius
568 1562 680 1622 nester
703 1556 846 1620 Thomas
880 1557 973 1622 tituli
1009 1556 1125 1622 Sancti
1164 1556 1284 1622 Oiriaci
1319 1555 1499 1640 Presbyter

448 1657 644 1734 Cardinalis,
667 1681 709 1723 ex
738 1659 947 1722 concessione
970 1663 1005 1722 et
1035 1659 1252 1743 dispositione
1277 1658 1372 1723 Sedis
1397 1658 1502 1742 Apes·

448 1762 563 1837 teliem,
586 1782 725 1847 praeesse
749 1759 964 1847 dignoscitur,
980 1761 1135 1847 congruis
1151 1761 1331 1825 honoribus
1347 1760 1503 1844 frequen·

448 1870 548 1939 tetur,
570 1868 605 1927 et
630 1864 775 1947 ipsorum
806 1861 1048 1948 regnicolarum
1072 1862 1277 1946 aliorumque
1309 1862 1345 1925 in
1369 1861 1503 1927 Christo

448 1967 661 2043 credentium,
678 1972 746 2030 tam
763 1987 842 2052 erga
858 1964 1036 2028 Ecclesiam
1053 1969 1088 2028 et
1103 1964 1288 2049 Martyrem
1305 1965 1501 2049 praedictum

448 2090 547 2153 quam
570 2070 670 2133 etiam
687 2067 806 2132 Sedere
822 2066 969 2141 eandem,
985 2066 1119 2130 devotio
1142 2072 1307 2153 augeatur
1334 2066 1502 2139 continue,

448 2178 482 2238 et
504 2173 689 2236 animarum
712 2171 801 2235 salus
826 2168 1015 2254 hujusmodi
1039 2168 1227 2233 desiderata
1257 2170 1430 2246 suecedet;
1461 2168 1502 2231 de

449 2274 693 2359 omnipotentis
717 2272 780 2336 Dei
814 2271 1037 2335 misericordia
1070 2276 1105 2335 et
1139 2271 1318 2335 Beatorum
1345 2271 1437 2335 Petri
1469 2276 1503 2334 et

448 2376 543 2439 Pauli
567 2375 802 2461 Apostolorum
826 2374 898 2458 ejus
921 2373 1120 2437 auctoritate
1143 2374 1267 2447 conlisi,
1291 2372 1446 2437 omnibus
1469 2380 1502 2437 et

394 2554 401 2561 ·
448 2477 596 2565 singulis,
619 2476 792 2561 utriusque
825 2497 933 2550 sexus,
961 2474 1122 2549 fidelibus,
1152 2496 1230 2538 vere
1262 2474 1502 2560 penitentibus

449 2586 483 2643 ct
515 2578 678 2654 confessis,
706 2578 762 2663 qui
788 2578 965 2641 Ecclesiam
988 2574 1264 2642 cantuariensem
1299 2577 1500 2662 praedictam,

448 2683 484 2745 in
518 2682 657 2769 singulis
680 2680 928 2765 assumptionis
962 2683 996 2743 et
1019 2679 1220 2744 Nativitatis
1252 2681 1365 2744 Beatae
1388 2679 1502 2744 Mariae

448 2784 597 2872 Virginis
634 2805 672 2849 ac
711 2782 825 2848 Sancti
861 2782 1031 2847 Michaelis
1069 2782 1271 2871 Archangeli
1309 2783 1351 2846 de
1390 2804 1499 2848 meuse

450 2886 654 2973 Septembris
685 2884 936 2963 festivitatibus,
960 2884 1119 2970 oprimis
1142 2885 1288 2970 vesperis
1311 2885 1499 2974 vigiliarum

449 3012 552 3076 usque
586 2989 629 3054 ad
673 2988 831 3054 secundas
866 3008 1019 3072 vesperas
1062 2988 1234 3053 inclusivae
1278 2988 1500 3055 festivitatum

449 3092 637 3168 earundem,
683 3091 801 3156 devote
843 3090 1065 3166 visitaverint,
1099 3090 1248 3154 emnium
1293 3096 1500 3176 peccatorum

449 3215 583 3259 suorum
607 3194 739 3280 plenam
773 3192 1000 3257 remissionem
1022 3196 1058 3256 et
1081 3192 1336 3280 indulgentiam,
1360 3195 1501 3260 auctori-

449 3302 519 3361 tate
553 3296 740 3382 apostolica,
764 3301 879 3359 tenore
912 3295 1127 3379 praesentium
1151 3295 1338 3383 elargimur.
1386 3296 1431 3360 Et
1453 3296 1501 3358 ni·

449 3399 656 3473 clrilominus,
672 3403 711 3461 ut
735 3397 848 3460 fideles
872 3396 937 3480 ipsi
960 3396 1206 3484 indulgentiam
1230 3402 1264 3461 et
1279 3398 1500 3462 remissionem

449 3501 648 3586 hujusmodi,
671 3503 867 3583 cooperante
890 3498 1043 3575 Domine,
1067 3498 1270 3562 commodius
1303 3521 1501 3584 consequan-

449 3609 513 3680 tur,
549 3601 719 3668 Cardinali
755 3600 923 3686 prrrdieto,
968 3605 1003 3664 et
1036 3600 1073 3662 in
1105 3599 1176 3684 ejus
1211 3601 1364 3665 absentia
1400 3601 1500 3665 Prien'

448 3706 552 3791 ipsius
575 3704 729 3769 Ecclesiae
753 3701 1011 3776 Cantuaricnsis,
1038 3701 1127 3785 qued
1163 3703 1377 3787 presbyteros
1412 3725 1499 3767 secu·

448 3807 533 3870 lares
556 3806 610 3869 vel
645 3805 810 3892 regulares
845 3803 990 3878 idoneos,
1013 3802 1054 3866 de
1077 3803 1198 3886 quibus
1226 3805 1273 3868 eis
1296 3805 1439 3880 videtur,
1461 3805 1500 3869 ad

291 3897 296 3904 ’
348 3895 351 3900 ¹
448 3907 664 3974 sufficientem
698 3927 882 3981 numerum,
905 3905 1075 3989 deputare,
1099 3911 1133 3970 et
1155 3906 1236 3991 ipsis
1268 3907 1314 3972 sic
1337 3906 1501 3991 deputatis

448 4010 699 4084 confessoribus,
723 4008 811 4093 qued
846 4007 994 4071 fidelium
1026 4006 1269 4090 praedictorum,
1304 4009 1339 4071 in
1374 4009 1502 4072 festivi·

449 4114 576 4179 tatibus
599 4109 796 4197 supradictis
831 4108 969 4172 eandem
1005 4108 1186 4172 Ecclesiam
1219 4108 1502 4187 Cantuariensem,

449 4237 547 4280 eausa
570 4211 807 4297 consequenda>
824 4209 1043 4296 indulgentiae
1067 4210 1258 4294 hujusmodi
1284 4212 1503 4288 visitantium,

449 4318 666 4384 confessiones
689 4312 812 4391 audire,
836 4311 950 4395 eisquc
972 4310 1150 4398 diligenter
1172 4313 1306 4389 auditis,
1334 4335 1395 4400 pro
1419 4337 1502 4380 eem-

449 4421 557 4484 missis
580 4440 638 4503 per
661 4437 714 4480 eos
737 4413 938 4488 criminibus,
955 4413 1149 4492 excessibus,
1175 4420 1211 4479 et
1232 4417 1376 4498 peccatis
1398 4419 1502 4480 emni-

448 4524 519 4598 bus,
544 4523 644 4586 etiam
668 4519 703 4581 in
727 4517 866 4601 singulis
889 4514 1039 4599 praelate
1062 4515 1141 4579 Sodi
1172 4519 1351 4582 reservatis
1374 4520 1501 4583 casibus

451 4627 684 4712 (praeterquam
708 4618 841 4684 offensae
864 4616 1029 4681 libertatis
1053 4617 1288 4697 ecclesiastice,
1312 4621 1501 4687 violationis

862 4820 869 4853 ¹
882 4819 1016 4882 miracala,
1027 4820 1085 4871 MS.
