3350 5800
434 886 474 944 52
894 890 1026 938 orreum

433 1088 545 1146 nostre
569 1100 657 1143 mere
681 1076 776 1143 Seint
800 1077 917 1163 Eglise,
934 1083 967 1141 et
991 1075 1100 1141 eherir
1121 1082 1156 1140 et
1178 1074 1351 1140 acoroistre
1374 1075 1487 1135 nostro

435 1184 501 1247 foie
526 1180 716 1245 dessusdite.
765 1180 808 1243 Et
843 1178 982 1268 Nostrc
1001 1177 1164 1264 Seigneur
1197 1198 1279 1240 vous
1302 1176 1351 1239 eit
1373 1172 1487 1238 tondis

436 1308 477 1348 en
500 1306 537 1347 so
560 1282 770 1347 secreeseinte
793 1280 902 1366 gardo.
953 1280 1046 1369 Done
1069 1280 1171 1344 soubz
1202 1282 1313 1343 nostre
1337 1276 1489 1361 signeto

437 1386 470 1451 la
495 1385 618 1449 Priorie
642 1384 682 1448 de
705 1383 738 1448 le
763 1382 882 1447 Laude.
929 1454 932 1460 ¹

435 1626 876 1638 --m-n--ss
920 1624 1255 1632 .--———-.--—.
1298 1619 1488 1629 -...-.----

291 1850 402 1899 2311„
437 1821 755 1887 eoo—onumen
778 1838 858 1885 sive
881 1835 1060 1886 rouonoro
1075 1819 1266 1885 Csurmun
1290 1833 1491 1895 sensurum,

315 1918 386 1965 ¹³⁹⁷·
619 1940 656 1987 iu
692 1939 834 1987 senous
868 1922 935 1985 Dm
974 1922 1245 1998 Onurrorsurrs
1269 1922 1496 1985 erissmm

272 2023 299 2073 S·
312 2022 394 2074 ΨΜ·
619 2024 782 2088 Vmoinrs
815 2024 954 2100 Murum
979 2024 1108 2089 Seueri
1131 2023 1162 2087 N
1167 2038 1321 2093 rodomi.
1343 2021 1490 2085 Snucrm

621 2126 819 2203 Knrsurum,
858 2142 901 2189 rr
940 2124 1090 2190 Ouurun
1124 2125 1348 2200 Ssuerosuu,
1385 2137 1492 2185 rurus

622 2247 811 2296 secessim
836 2248 1083 2295 runoonmnmr
1102 2247 1287 2296 rinocore
1310 2246 1357 2293 ns
1379 2228 1491 2291 Bocu-

620 2348 683 2399 nro
706 2350 744 2397 ru
768 2332 952 2398 Oonrmru
975 2332 1136 2397 Esssxrn
1158 2347 1337 2398 sonnium

274 2520 393 2569 Founno-
487 2496 657 2573 Omnibus,
682 2500 740 2561 etc.
765 2494 938 2559 «iohannes
963 2494 1050 2559 iilius
1073 2494 1232 2560 Willelmi
1255 2491 1436 2557 Dorewerd
1452 2491 1493 2554 de

271 2586 324 2635 ‘³⁰¹¹
337 2585 400 2634 deod
442 2599 531 2663 Villa
563 2599 603 2662 de
628 2598 790 2683 Bookyng
824 2597 860 2660 in
884 2596 1056 2662 Comitatu
1080 2596 1233 2673 Essexiae,
1257 2595 1406 2661 Salutem
1430 2602 1493 2657 eto.

271 2652 396 2767 ‹pupp're-
443 2700 527 2766 Cum
551 2722 658 2785 nuper
681 2721 741 2785 ego
765 2699 874 2764 dictus
898 2698 1069 2763 Johennes
1092 2699 1273 2784 perquisivi
1290 2698 1331 2762 de
1355 2718 1491 2762 venere-

272 2786 388 2902 ἓξὲξξὲἵ
402 2783 428 2833 ¹¹¹
444 2803 503 2865 bili
548 2803 583 2866 in
622 2801 755 2867 Christo
795 2806 891 2885 petre
926 2799 1054 2864 Thomu
1085 2801 1196 2864 Priore
1226 2799 1380 2865 Ecclesiae
1408 2796 1494 2863 Oen-

273 2865 390 2994 chureii
443 2906 619 2970 tueriensis
643 2911 677 2969 et
693 2903 840 2989 ejusdem
864 2903 927 2969 loci
951 2910 1126 2980 conventu,
1142 2904 1183 2968 de
1205 2903 1343 2968 licencia
1358 2900 1494 2966 Domini

272 2985 420 3112 ζξζὲᾙῖ)
445 3011 548 3072 nostri
572 3007 672 3094 Regis
695 3029 793 3083 nunc,
818 3028 919 3071 unam
941 3006 1055 3072 rodam
1079 3013 1187 3083 terrae,
1211 3007 1251 3072 de
1282 3013 1317 3071 et
1350 3006 1386 3069 in
1420 3028 1494 3091 gor-

274 3115 349 3165 terof
358 3117 425 3168 eon·
446 3111 525 3175 dino
549 3110 687 3175 manerii
703 3108 882 3174 eorundem
899 3109 939 3172 de
955 3109 1119 3194 Bockyng
1129 3111 1306 3195 jacentem,
1322 3108 1494 3172 laterundo

272 3183 391 3312 ζ’ῑξὲξῗῃ
446 3213 486 3275 nd
527 3212 724 3276 cimiterium
763 3210 909 3274 ecelesiae
947 3210 1144 3295 parochialis
1182 3211 1280 3275 dictae
1318 3210 1409 3274 viliae
1453 3209 1495 3273 de

271 3317 368 3390 ⁰³¹&ss
446 3313 609 3400 Bockyng
653 3334 768 3377 versus
805 3312 977 3388 Austrum,
1015 3318 1050 3378 et
1086 3314 1262 3399 gardinum
1302 3313 1495 3398 predictum

269 3389 417 3505 {ffifffln
447 3437 560 3480 versus
584 3415 753 3480 Orientem
778 3418 813 3478 et
835 3413 1042 3499 Aquilonem,
1064 3421 1098 3479 et
1121 3416 1210 3479 viam
1234 3415 1357 3500 regiam
1382 3436 1496 3479 versus

273 3519 387 3576 patrous.
446 3516 667 3592 Occidentem,
690 3513 788 3579 simul
814 3535 888 3578 cum
914 3520 1039 3600 septem
1063 3515 1157 3579 libris
1187 3517 1348 3592 redditus,
1372 3538 1495 3581 exeun-

443 3621 534 3686 tibus
557 3620 597 3685 de
621 3641 733 3684 eorum
765 3619 926 3704 praedicto
961 3620 1109 3684 manerio
1143 3642 1218 3685 oum
1250 3621 1405 3685 omnibus
1428 3621 1496 3684 suis

443 3721 664 3806 pertinenciis
688 3720 859 3785 solvendis
893 3742 956 3806 pro
987 3726 1148 3807 perpetuo
1181 3721 1291 3799 michi,
1314 3723 1405 3788 dicto
1438 3723 1496 3785 Jo-

443 3825 546 3888 hanni
585 3823 654 3888 filio
693 3823 863 3900 Willelmi,
903 3822 1082 3889 heredibus
1119 3843 1154 3890 et
1190 3825 1369 3911 assignetis
1407 3826 1495 3902 meis,

444 3951 573 4015 semper
610 3929 652 3992 ed
686 3928 773 3993 festu
809 3929 996 4014 (emouere)
1031 3931 1135 4016 aequis
1167 3932 1387 4016 porcionibus,
1425 3931 1495 3996 (te.l

444 4053 543 4116 quam
567 4031 699 4116 quidem
718 4031 987 4116 perquisicionem
1015 4032 1160 4098 dedicta
1175 4033 1257 4098 roda
1280 4040 1385 4110 terrae,
1400 4057 1497 4120 super

445 4155 544 4218 quam
583 4132 695 4197 rodam
734 4137 830 4197 terrae
869 4154 973 4197 unum
1011 4156 1161 4199 mansum
1192 4141 1308 4221 aptum
1339 4137 1380 4201 de
1410 4159 1496 4201 noro

445 4234 627 4311 construxi,
643 4239 678 4298 et
701 4233 800 4297 dictis
818 4239 945 4318 septem
962 4233 1056 4299 libris
1072 4236 1229 4313 redditus,
1245 4238 1389 4303 maxime
1405 4245 1496 4302 motu

444 4335 638 4400 concieneiae
669 4357 760 4411 meae,
785 4357 826 4398 ex
852 4335 991 4400 diversis
1015 4337 1146 4423 magnis
1178 4339 1283 4404 causis
1307 4341 1496 4405 necessariis

443 4437 517 4514 feei,
539 4435 579 4500 ud
615 4435 814 4512 faciendum,
839 4436 1050 4514 firmandum,
1074 4444 1109 4503 et
1142 4440 1364 4505 ordinandum
1396 4463 1496 4506 unum

443 4547 637 4626 perpetuam
661 4539 843 4603 cantoriam
869 4539 909 4604 de
943 4561 1011 4605 uno
1034 4546 1194 4627 perpetuo
1224 4541 1417 4628 Capeliano,
1447 4545 1496 4621 ad,

477 4739 483 4769 ¹
501 4738 556 4787 The
574 4737 645 4785 usual
657 4751 743 4800 power
752 4737 781 4786 of
790 4735 909 4786 distruint
916 4737 941 4787 in
954 4753 1014 4788 ease
1025 4740 1055 4787 of
1069 4750 1252 4806 non-pnyment
1273 4741 1294 4790 is
1312 4742 1374 4791 here
1385 4743 1461 4806 giren
1473 4745 1499 4792 in

442 4819 486 4869 the
499 4817 555 4866 MS.
