3350 5800
596 866 887 918 omwsmnnsss.
1205 852 1270 915 129

209 1043 352 1132 Angliae,
374 1048 525 1134 alioquin
547 1052 670 1117 nostris
693 1052 728 1116 in
750 1052 982 1140 spiritualibus
998 1048 1139 1116 Vieariis
1156 1048 1263 1113 Gene-

209 1146 346 1227 relisus,
368 1150 452 1216 duos
474 1150 672 1239 capellanos
701 1153 858 1219 honestos
881 1158 916 1218 et
938 1153 1082 1229 idoneos,
1106 1151 1134 1215 si
1167 1149 1264 1215 ambo

211 1251 420 1329 vacaverint,
443 1258 505 1319 aut
526 1275 632 1319 unum
654 1255 684 1319 si
706 1256 792 1321 ulter
805 1252 1001 1321 vacaverit¹
1017 1255 1054 1318 in
1068 1258 1266 1339 perpetuum

211 1347 437 1437 Capelianum,
459 1377 519 1421 seu
541 1356 578 1420 in
600 1362 776 1442 perpetuos
800 1356 1005 1443 Capellanos,
1029 1354 1176 1440 ejusdem
1191 1374 1267 1418 oan-

210 1454 309 1519 tariae
345 1458 510 1543 praelioere
547 1464 583 1524 et
620 1459 799 1525 instituere
850 1458 967 1533 liceat;
1014 1478 1073 1543 per
1120 1455 1268 1520 Priorem

211 1554 367 1623 Ecclesiae
398 1564 522 1625 nostrae
544 1560 713 1646 praediotae
735 1561 765 1625 si
788 1582 933 1648 praesens
957 1559 1071 1636 fuerit,
1093 1562 1207 1622 autem
1232 1556 1269 1619 in

210 1653 315 1742 ipsius
346 1658 498 1726 absentia
528 1684 589 1749 per
627 1661 842 1749 Suppriorem
881 1660 936 1726 vel
974 1659 1077 1724 alium
1116 1656 1270 1743 Capituli

209 1759 442 1843 praesidentem
476 1763 535 1849 qui
566 1786 626 1851 pro
664 1769 813 1850 tempore
847 1762 958 1839 fuerit,
996 1762 1032 1825 in
1067 1759 1269 1846 corporalem

209 1862 448 1945 possessionem
471 1866 629 1931 earrtariae
652 1865 860 1952 hujusmodi,
878 1864 1080 1949 juriumque,
1104 1868 1138 1926 et
1170 1860 1270 1947 perti·

208 1956 362 2027 nentium
384 1987 520 2031 suorum
542 1966 787 2044 universorum,
809 1965 925 2052 gratis,
941 1970 977 2029 et
999 1964 1123 2049 absque
1147 1960 1269 2048 quavis

208 2064 382 2130 exactione
415 2068 576 2152 peeuniae,
610 2066 767 2133 canonice
798 2065 1036 2131 inducendum.
1106 2061 1203 2143 Quod
1241 2062 1270 2125 si

208 2185 374 2231 suceessor
396 2174 509 2234 noster
543 2169 821 2255 Archiepisooprm
854 2166 1106 2235 Gantuariensis
1129 2166 1186 2250 qui
1209 2185 1270 2250 pro

209 2270 359 2353 tempore
381 2270 493 2350 fuerit,
509 2276 570 2337 aut
584 2272 622 2336 in
636 2272 742 2357 ipsius
757 2271 912 2336 absentia
933 2290 1013 2334 suus
1029 2270 1065 2333 in
1088 2266 1270 2354 spirituali·

209 2367 272 2433 bns
319 2368 473 2437 Vioarius
511 2372 691 2448 Generalis,
729 2394 794 2458 quo
832 2371 876 2437 ad
914 2370 1160 2457 praelectionem
1208 2390 1268 2433 seu

207 2470 414 2538 oollationem
440 2480 632 2541 memoratas
647 2476 814 2552 eantariae,
829 2497 887 2539 seu
912 2473 1050 2539 alterius
1074 2470 1266 2548 earundem,

208 2572 298 2639 infra
330 2580 464 2662 tempus
502 2578 626 2643 mensis
663 2576 815 2663 praedieti
854 2574 1025 2663 negligens
1063 2574 1266 2660 reperiatur;

207 2676 364 2743 volumus
378 2684 469 2757 tune,
484 2686 519 2745 et
542 2681 732 2757 statuimus,
747 2686 783 2745 et
806 2679 1008 2755 ordinamus,
1031 2676 1119 2762 quod
1135 2675 1268 2762 praefes-

207 2778 256 2842 tio
288 2788 324 2843 et
357 2781 489 2847 collatio
516 2781 665 2868 ejusdem
697 2781 855 2847 eantariae
893 2786 927 2845 et
961 2802 1075 2845 earum
1121 2778 1269 2856 alterius,

209 2882 335 2947 totiens
359 2884 514 2968 quotiens
536 2884 732 2950 vacaverint
755 2907 814 2949 seu
837 2883 1018 2960 vacaverit,
1034 2881 1078 2948 ad
1100 2880 1269 2966 religiosos

208 2984 299 3048 viros
331 2986 480 3051 Priorem
502 2992 538 3051 et
571 2985 766 3078 Capitulum
789 2985 945 3052 Eeolesire
975 2989 1097 3048 nostrae
1122 2982 1268 3048 Cantus·

209 3087 337 3166 riensis,
371 3089 488 3155 statim
526 3094 605 3174 post
650 3111 797 3155 mensem
836 3087 1046 3174 preadictum,
1091 3084 1151 3148 ille
1196 3083 1269 3148 vioe

210 3189 419 3254 devolvatur.
465 3190 522 3256 Ita
544 3191 634 3276 quod
655 3191 720 3277 ipsi
745 3189 966 3277 Capellanum
989 3209 1047 3252 seu
1071 3184 1269 3272 Capellanos

210 3290 347 3356 idoneos
380 3293 417 3355 in
451 3299 485 3357 et
519 3293 563 3358 ad
594 3297 771 3378 utramque
799 3313 923 3371 earum,
960 3311 1018 3354 seu
1051 3288 1201 3362 alteram,
1240 3287 1269 3350 si

211 3393 414 3473 vaoaverint,
430 3393 614 3478 praeficiant
638 3397 673 3458 et
698 3392 871 3460 conferant
886 3392 945 3456 illa
967 3391 1049 3467 viee,
1064 3390 1137 3476 ipso
1159 3388 1270 3466 faot03

212 3515 271 3580 per
307 3493 464 3572 Priorem,
499 3495 554 3560 vel
586 3495 659 3580 ipso
690 3494 827 3559 absente
866 3515 927 3580 per
961 3491 1177 3578 Suppriorem
1211 3492 1271 3553 aut

211 3596 316 3660 aliurn
331 3596 480 3682 Capituli
495 3596 737 3683 praesidentem,
753 3597 789 3660 in
812 3593 1015 3682 corporalem
1032 3591 1270 3679 possessionem

212 3698 369 3762 eantariae
384 3698 574 3783 hujusmodi
597 3697 731 3764 realiter
745 3698 989 3776 inducendum
1008 3695 1141 3781 juribus
1158 3698 1270 3758 tamen

212 3800 344 3877 nostris,
366 3806 401 3866 et
433 3800 641 3888 singulorum
663 3822 884 3867 suecessorum
918 3804 1106 3865 nostrorum
1130 3797 1188 3884 qui
1210 3817 1270 3882 pro

213 3908 359 3989 tempore
396 3903 530 3980 suerint,
568 3925 634 3988 quo
671 3903 715 3970 ad
747 3909 829 3969 tuno
862 3907 1037 3988 sequentes
1075 3900 1268 3966 vacationes

214 4004 378 4070 dictarum
410 4005 643 4082 centuriarum,
678 4026 738 4070 seu
772 4005 910 4070 alterins
946 4004 1135 4081 earundem,
1173 4001 1270 4066 nobis

213 4111 248 4172 et
281 4106 361 4192 ipsis
395 4107 633 4172 suecessoribus
666 4106 788 4171 nostris
820 4127 948 4193 semper
986 4106 1094 4172 salvis.
1157 4103 1201 4168 Et
1233 4103 1264 4167 si

216 4208 300 4274 Sede
343 4207 613 4295 archiepiscopali
656 4213 807 4286 vacante,
846 4209 960 4274 ambas
1006 4207 1171 4274 centurias
1208 4225 1266 4270 seu

214 4329 326 4374 earum
349 4308 488 4373 alteram
510 4330 628 4374 vaoare
650 4309 835 4396 eontigerit,
851 4309 1096 4396 praefeetionem
1113 4311 1147 4372 et
1170 4306 1267 4372 eolle-

216 4410 339 4475 tionem
362 4410 549 4486 earundem,
574 4415 610 4475 et
641 4431 754 4475 earum
785 4411 970 4496 utriusque,
992 4409 1035 4475 ad
1059 4408 1209 4474 Priorem
1232 4417 1267 4470 et

249 4609 321 4660 ¹'l'be
339 4609 397 4660 MS.
409 4610 470 4660 here
481 4609 571 4660 inserts
583 4611 657 4661 cedor
673 4611 714 4661 vel
734 4621 740 4653 ¹
763 4611 836 4662 when
858 4611 902 4663 the
930 4610 1039 4675 possible
1061 4621 1176 4670 raoanoy
1199 4606 1229 4654 of
1251 4623 1267 4655 u

215 4688 328 4753 decedat,
338 4691 422 4739 words
439 4689 525 4740 which
544 4691 628 4741 ronld
641 4696 714 4741 natu-
763 4691 877 4741 benefice
887 4705 940 4739 was
952 4688 978 4738 in
991 4685 1116 4750 question.

213 4768 278 4831 rally
296 4783 369 4818 come
386 4766 440 4818 into
461 4768 505 4819 the
528 4768 620 4819 elorlr's
642 4769 715 4820 mind

313 4884 338 4934 u
373 4887 463 4936 seori.
1119 4871 1131 4916 1
