3350 5800
401 839 467 906 330
835 855 969 906 arrasa

264 1113 359 1162 ΗΜΘ
401 1114 694 1180 tlon-Liciniis
737 1129 1004 1178 croccanronm
1048 1130 1219 1178 concessu
1259 1115 1455 1179 Wnnnnno

230 1267 257 1319 ὃ.
270 1182 352 1318 3332
474 1216 667 1281 FERAUNTE
690 1233 736 1280 DE
758 1215 872 1280 VILLA
894 1232 941 1278 Du
962 1214 1062 1300 CANE
1083 1233 1122 1280 ΙΝ
1147 1216 1373 1281 Nonnum-

231 1393 370 1443 'inertior
445 1394 627 1471 Universis‚
651 1399 711 1459 etc.
735 1391 921 1458 Willelmus
946 1393 1039 1458 Prior
1061 1394 1216 1458 Ecclesiae
1239 1394 1372 1471 Christi,
1389 1402 1453 1459 etc.

229 1459 379 1591 ssdfflp'
399 1497 548 1562 salutem.
595 1496 759 1576 Quoniam
795 1496 837 1560 ad
873 1495 1107 1580 perlectionem
1144 1497 1315 1580 cujusdam
1351 1500 1456 1562 turris

229 1598 323 1706 ⁸¹l²¹⁰³t
400 1599 600 1685 pergrandis,
635 1621 672 1663 ac
704 1598 846 1662 aliorum
877 1597 1092 1662 artificiorum
1124 1598 1166 1661 ad
1202 1597 1356 1662 honorem
1390 1599 1455 1662 Dei

229 1673 347 1775 diffisi.
401 1707 435 1768 et
458 1703 638 1769 utilitatem
662 1724 700 1767 ae
723 1693 872 1767 decorem
896 1702 1050 1766 Ecclesiae
1073 1706 1196 1766 nostrie
1220 1702 1455 1787 spectantium,

230 1791 369 1910 '⁵⁰¹²nffln
400 1803 606 1869 intendimus
649 1825 722 1866 cum
756 1803 885 1878 effectu,
915 1823 954 1868 ac
988 1803 1128 1888 proinde
1170 1825 1253 1888 opus
1294 1803 1455 1868 habemus

229 1873 373 1986 dinsa
400 1907 568 1993 lapidibus
591 1907 631 1971 ie
654 1905 843 1991 lapicidinis
865 1905 964 1970 vinae
988 1906 1029 1970 ca
1052 1905 1143 1970 cane
1176 1907 1212 1970 in
1236 1907 1454 1986 normannia,

248 1991 358 2107 53⁶2ssss
400 2009 585 2096 dequibus
610 2009 796 2094 lapicidinis
819 2011 951 2073 constat
974 2013 1079 2072 totam
1104 2007 1281 2072 Ecclesiam
1305 2017 1453 2074 nostram

228 2095 377 2188 nve'ycara·
399 2112 585 2198 antiquitus
608 2133 676 2176 csse
699 2115 938 2188 constructam3
962 2111 1094 2175 noverit
1109 2111 1308 2176 universitas
1330 2119 1454 2188 vestra,

228 2195 385 2308 {fflgme
398 2235 458 2280 nos
497 2215 665 2278 ordinasse
703 2219 738 2278 ct
775 2212 993 2288 constituisse,
1033 2217 1133 2299 prout
1171 2235 1230 2298 per
1272 2219 1453 2299 praesentes

228 2323 312 2402 attha
398 2317 589 2382 ordinamus
612 2323 647 2382 et
679 2315 921 2392 constituimus,
943 2314 1101 2379 dilectum
1134 2316 1230 2380 nobis
1260 2317 1296 2379 in
1319 2314 1454 2382 Christo

226 2405 343 2508 iffi?
399 2418 600 2484 Willelmum
648 2419 814 2483 Feraunte
859 2419 901 2482 de
948 2415 1036 2481 Villa
1082 2416 1123 2481 de
1167 2414 1259 2482 Cane
1291 2419 1327 2481 in
1364 2418 1452 2481 Nor-

228 2523 384 2588 complains
397 2521 533 2586 mannia
566 2521 726 2607 praedicta
759 2524 1012 2606 procuratorem,
1035 2518 1202 2596 factorem,
1225 2527 1260 2585 et
1293 2521 1454 2584 nuncium

228 2589 306 2706 {iffi
332 2597 385 2642 ἴω
397 2629 548 2688 nostrum
580 2621 763 2708 specialem,
794 2622 836 2685 ad
867 2619 1152 2686 transvehendum
1183 2643 1241 2706 per
1271 2644 1370 2698 mare,
1393 2644 1455 2708 per

227 2723 346 2841 gfflf
397 2745 431 2790 se
470 2731 503 2789 et
544 2725 722 2810 deputatos
770 2743 855 2799 suos,
895 2745 915 2787 a
962 2723 1130 2808 praedictis
1169 2722 1360 2809 lapicidinis
1410 2725 1454 2788 de

228 2799 371 2979 &a
398 2826 643 2995 Opnaeedwpsoue
696 2825 923 2992 {dtaportuin
963 2824 1146 2991 §iindwlioii
1180 2823 1306 2910 lapides
1357 2826 1456 2994 110st

396 2951 417 2995 a
516 2950 603 2994 iera
627 2950 694 3014 prae
722 2949 749 2992 ic
820 2948 1028 2992 necessarios.
1094 2950 1130 3013 gr
1148 2950 1188 2991 ur
1222 2950 1386 3013 rogamus,
1408 2953 1455 3005 e,

395 3032 431 3097 in
466 3029 646 3097 visceribus
678 3028 815 3093 Domini
847 3028 952 3093 nostri
987 3028 1095 3093 Jhesn
1131 3029 1257 3094 Christi
1289 3030 1327 3094 in
1357 3031 1454 3115 cnjus

394 3132 529 3199 nomine
564 3130 708 3197 Ecclesia
746 3134 861 3195 nostra
898 3129 1031 3195 dedicta
1067 3135 1129 3207 cat,
1161 3152 1200 3196 ac
1238 3153 1297 3218 per
1333 3134 1455 3197 merita

396 3234 494 3301 Beati
533 3232 667 3297 Thomas
706 3230 867 3316 Martyris
894 3228 953 3315 qui
994 3231 1133 3295 eandem
1172 3230 1353 3297 Ecclesiam
1392 3254 1454 3297 suo

396 3336 556 3424 sangnine
588 3332 793 3399 consecravit
823 3339 858 3396 et
892 3332 929 3396 in
951 3331 1067 3397 eadem
1098 3333 1312 3417 corporaliter
1342 3334 1454 3420 requi-

397 3440 485 3515 escit,
524 3438 741 3511 obsecramus,
779 3434 938 3518 quatinus
975 3434 1003 3498 si
1045 3434 1226 3521 praedictus
1265 3436 1455 3502 Willelmus

397 3542 572 3617 Feraunte,
593 3543 655 3603 aut
676 3536 797 3621 aliquis
820 3536 863 3602 ab
893 3536 965 3622 ipso
988 3535 1178 3622 deputatus,
1202 3537 1324 3605 alicubi
1355 3539 1454 3604 vohis

398 3641 583 3717 occurrerit,
607 3660 661 3703 eos
694 3636 835 3725 benigne
861 3642 896 3701 et
920 3636 1110 3702 humaniter
1141 3639 1301 3718 tractetis,
1324 3639 1454 3705 nullam

397 3744 464 3810 illis
487 3741 672 3807 molestiam
694 3743 756 3805 aut
785 3738 1060 3824 impedimentum
1093 3739 1280 3807 inferentes.
1327 3741 1453 3809 Conce-

397 3847 506 3913 dimus
529 3848 640 3910 autem
664 3840 812 3925 illisqui
843 3840 970 3906 dictum
994 3839 1198 3906 Willelmum
1222 3843 1390 3910 Feraunte
1412 3868 1455 3913 ac

396 3950 573 4035 deputatos
608 3967 692 4023 suos,
731 3945 766 4007 in
804 3942 927 4008 nostris
965 3948 1005 4007 ut
1046 3946 1265 4029 praemittitur
1307 3949 1453 4034 negotiis

396 4056 582 4137 occupatos,
613 4048 747 4136 pacifice
779 4054 814 4111 et
845 4067 921 4111 cum
956 4046 1190 4113 benevolentia
1222 4050 1454 4127 tractaverint,

397 4158 436 4220 ut
459 4153 527 4217 sint
550 4150 728 4237 participes
759 4147 948 4212 orationum
971 4152 1168 4225 nostrarum,
1192 4155 1227 4214 et
1249 4173 1308 4237 per
1331 4152 1454 4217 merita

397 4252 596 4321 sanctissimi
645 4249 777 4337 patroni
826 4250 932 4313 nostri
978 4249 1074 4314 Beati
1122 4250 1258 4316 Thornia
1292 4250 1453 4340 Martyris

397 4362 550 4444 optamus
573 4354 639 4418 illis
663 4352 926 4417 benedictionem
950 4351 1198 4437 Omnipotentis
1220 4353 1291 4418 Dei.
1339 4355 1452 4435 Quod-

397 4457 503 4544 siqui
526 4455 622 4532 forte,
645 4453 732 4539 quod
757 4453 854 4528 absit,
877 4474 932 4517 eos
966 4452 1030 4516 sihi
1054 4458 1261 4519 occurrentes
1292 4456 1452 4540 injuriose

397 4558 627 4634 tractaverint,
649 4577 686 4619 ac
715 4554 992 4640 impedimentum
1024 4555 1242 4639 praestiterint
1272 4558 1451 4642 quominus

398 4662 527 4727 utiliter
550 4658 684 4745 negotia
714 4663 827 4721 nostra
853 4678 950 4743 agere
980 4657 1117 4743 possint,
1140 4679 1195 4722 eos
1226 4659 1449 4745 admonemus,

398 4770 438 4830 ut
460 4763 523 4828 sibi
546 4762 690 4826 viderint
714 4765 748 4823 et
779 4763 927 4837 caveant,
950 4766 994 4835 et,
1017 4780 1059 4824 ne
1089 4759 1174 4823 iram
1199 4760 1449 4849 Omnipotentis
