3350 5800
425 835 467 897 98
879 838 1014 887 mrunn

423 1030 533 1107 aliter,
568 1028 649 1092 totis
681 1024 819 1101 viribus,
851 1023 1010 1089 laborare.
1067 1020 1108 1084 In
1146 1042 1286 1106 quorum
1325 1019 1478 1084 omnium

423 1130 653 1197 testimonium
686 1174 908 1193 ......
941 1122 1052 1209 sigilla
1086 1172 1093 1186 .
1129 1172 1136 1186 .
1169 1170 1178 1186 .
1210 1173 1217 1187 .
1244 1124 1482 1207 apposuerunt

426 1234 553 1298 Datum
598 1232 633 1295 in
679 1229 812 1316 Oppido
851 1225 1079 1303 noromensi,
1113 1224 1241 1290 decimo
1274 1225 1393 1309 quinto
1425 1223 1483 1287 die

425 1333 549 1399 mensis
572 1331 765 1399 Decembris
788 1350 877 1395 anno
901 1327 1037 1393 Domini
1060 1340 1232 1391 n⁰ccocm⁰
1254 1325 1396 1411 quinto.l

287 1540 389 1656 Ἣ·
428 1555 701 1621 sss-Limnes
725 1552 869 1617 Dorum
899 1552 1174 1617 Ascnrnrrscorr
1204 1566 1355 1615 omnem
1377 1547 1482 1614 Cler-

584 1672 675 1721 ruro
706 1670 789 1719 rosr
812 1669 959 1719 norrun
981 1654 1136 1718 Roormr
1158 1652 1367 1717 Wnnunrrnn
1390 1650 1484 1715 Lor-

257 1736 282 1785 S·
295 1732 362 1786 ⁵⁴⁶·
584 1772 770 1822 nonrnrsrs
794 1755 965 1823 Errscorr.

257 1923 342 1975 Arch-
474 1894 618 1961 Thomas
651 1893 866 1980 permissione
904 1894 1021 1958 divina
1056 1892 1308 1959 Cantuariensis
1341 1890 1483 1957 Archie·

256 1991 373 2107 Ἥξει
429 1998 588 2084 piscopus,
603 2002 663 2062 etc
687 1994 818 2060 dilectis
842 1996 879 2059 in
895 1994 1030 2061 Christo
1053 1996 1133 2061 filiis
1149 1996 1256 2061 Priori
1271 2000 1306 2060 et
1323 1993 1483 2080 Capitulo

257 2123 285 2171 in
295 2094 382 2187 pur-'
429 2098 559 2164 Sanctae
597 2103 719 2162 nostrae
758 2096 1009 2162 Cantusriensis
1043 2098 1198 2163 Ecclesiae
1235 2097 1385 2172 salutem,
1419 2102 1483 2161 etc

256 2189 391 2305 :ffiuffs
429 2200 524 2266 Inter
546 2222 641 2267 curas
664 2220 740 2284 quae
761 2204 877 2263 nostro
900 2198 1067 2264 cohaerent
1098 2198 1213 2275 officio,
1237 2199 1295 2263 illa
1316 2199 1483 2285 praecipue

257 2320 357 2372 tiones
427 2323 487 2367 nos
511 2302 646 2377 excitat,
669 2298 851 2365 visceribus
882 2301 988 2363 nostri
1011 2302 1118 2365 cordis
1141 2300 1248 2365 infixe
1281 2300 1483 2385 profundius

255 2387 389 2505 ffl'ssg*
427 2408 527 2489 atque
561 2402 698 2467 solidius
729 2399 888 2478 radicata,
922 2407 1070 2466 nostrum
1105 2402 1307 2468 incessanter
1343 2422 1483 2465 monens

257 2491 341 2635 quiin
426 2506 574 2570 animum
609 2524 743 2569 suarum
775 2502 898 2567 aculeis
933 2504 1162 2587 punctionum,
1185 2511 1226 2570 ut
1256 2510 1377 2568 nostrae
1406 2524 1482 2588 pro-

257 2588 403 2703 uffl‘ossnd
426 2606 563 2670 visionis
587 2603 741 2679 remedio,
756 2608 872 2667 contre
894 2602 1116 2687 malignorum
1131 2605 1310 2691 spirituum
1326 2604 1482 2679 insultus,

254 2719 403 2796 requie-rac
427 2706 506 2793 qui²
537 2708 579 2772 ad
612 2705 891 2791 supcrcaelcstium
923 2706 1048 2769 civium
1080 2707 1198 2772 inolita
1231 2707 1356 2793 gaudia
1389 2712 1482 2772 tran-

256 2784 405 2918 }fogffffi'
427 2810 554 2875 cierunt
588 2808 623 2872 in
657 2812 821 2891 quantum
855 2807 984 2891 possint
1016 2809 1159 2896 vestigia
1189 2808 1379 2894 impediunt
1407 2814 1483 2873 tota

254 2919 373 2994 woden,
427 2912 490 2989 die,
514 2913 660 2997 ipsorum
684 2909 732 2974 sic
748 2911 995 2974 transeuntium
1010 2912 1198 2976 animarum
1221 2913 1328 2998 quieti
1349 2933 1483 2977 succur-

254 2984 412 3108 ffitffffi
427 3036 538 3079 ramus
562 3011 696 3077 uberius
719 3015 754 3074 et
776 3009 885 3074 saluti.
932 3009 1018 3076 (lum
1042 3014 1165 3077 etenim
1188 3015 1224 3078 in
1247 3014 1483 3078 convocatione

256 3117 386 3194 masaga
427 3122 540 3181 nostra
572 3111 779 3201 provinciali,
812 3111 850 3174 in
873 3111 1021 3177 Ecclesia
1043 3115 1159 3181 Sancti
1182 3116 1279 3180 Pauli
1302 3116 1483 3180 Londoniis

257 3183 399 3299 mm
427 3240 533 3304 nuper
565 3216 739 3290 celebrata,
774 3213 862 3277 inter
894 3220 1005 3279 cetera
1035 3216 1136 3282 firerit
1170 3218 1370 3296 ordinatum,
1393 3219 1483 3304 quod

255 3315 389 3432 bennopof
427 3343 500 3386 cum
525 3319 669 3404 aliquem
704 3319 893 3379 nostrorum
927 3315 1209 3404 suffraganeorum
1239 3321 1381 3406 migrare
1404 3342 1482 3385 con-

256 3389 361 3512 bppyter-
426 3422 542 3509 tigerit
573 3419 617 3484 ab
649 3417 710 3482 hac
731 3416 813 3494 lucc,
838 3417 927 3502 quod
951 3438 993 3482 ex
1017 3426 1098 3486 tunc
1128 3421 1272 3505 quilibet
1300 3422 1481 3507 praesidens

426 3525 649 3609 cujuscunque
673 3517 828 3585 Ecclesiae
859 3518 1069 3600 cathedralis,
1092 3543 1167 3587 cum
1190 3523 1232 3586 ad
1255 3524 1361 3609 ipsius
1382 3524 1482 3589 deve·

425 3626 514 3691 neris
546 3621 712 3696 notitiam,
736 3619 894 3704 exequias
925 3619 963 3684 in
990 3628 1096 3699 nocte,
1119 3644 1158 3688 ac
1189 3624 1227 3687 in
1249 3626 1396 3690 crastino
1419 3627 1481 3690 im.

425 3727 569 3792 mediate
604 3727 762 3809 sequente
798 3721 935 3786 missam
958 3723 999 3786 de
1030 3725 1194 3810 requiem,
1217 3747 1276 3812 pro
1299 3727 1404 3812 ipsius
1434 3729 1482 3794 sic

425 3826 576 3892 defuncti
599 3826 719 3889 animae
752 3823 861 3888 salute
884 3829 919 3888 et
942 3846 1002 3910 pro
1024 3828 1199 3893 animabus
1229 3829 1378 3893 omnium
1400 3829 1482 3894 fide-

424 3927 506 3992 lium
530 3926 771 4000 defunctorum,
787 3945 856 3989 una
879 3946 954 3989 cum
977 3927 1200 3994 confratribus
1216 3930 1294 4006 suis,
1308 3929 1482 4008 celebrare,

424 4030 467 4095 ob
498 4029 655 4093 honorem
689 4026 889 4114 pontificalis
922 4027 1100 4114 dignitatis
1123 4032 1156 4095 in
1191 4033 1254 4098 hac
1286 4038 1382 4119 parte
1404 4057 1482 4099 con-

422 4132 630 4206 firmandum,
654 4135 827 4207 tenentum
858 4150 897 4193 ac
920 4132 1120 4197 venerabilis
1151 4133 1256 4198 frater
1278 4141 1391 4200 noster
1413 4137 1480 4201 Do-

422 4235 531 4299 minus
566 4232 715 4318 Rogerus
751 4229 944 4308 Weldenne,
979 4233 1060 4297 dum
1098 4241 1214 4321 ageret
1248 4236 1286 4301 in
1323 4237 1481 4302 humenis

422 4335 604 4422 Episcopus
627 4331 876 4407 Londoniensis‚
901 4334 990 4416 quod
1024 4357 1099 4401 cum
1123 4358 1191 4401 non
1213 4337 1344 4402 modica
1370 4340 1481 4404 cordis

458 4551 521 4602 ¹An
560 4543 776 4609 exemplification
815 4542 845 4590 ol
877 4541 927 4591 this

375 4599 926 4763 ἱ(
1011 4653 1309 4719 ecem

549 4791 615 4856 =ring
627 4789 685 4838 date
697 4789 729 4835 24
740 4785 759 4834 J
761 4782 805 4847 uly
819 4787 892 4833 1407.
