3350 5800
546 899 835 951 csururruausss
1158 885 1222 952 157

1232 1065 1347 1132 bisbop'c

153 1081 525 1160 excommunicationis,
541 1104 640 1168 quum
657 1084 927 1151 communicando
942 1105 1016 1150 cum
1033 1083 1220 1148 bominibus
1233 1135 1351 1183 mm

153 1175 195 1242 de
229 1177 356 1245 haeresi
382 1193 415 1246 et
449 1183 601 1249 lollardia
623 1186 790 1272 suspectis,
814 1207 852 1251 ac
882 1186 979 1272 ipsos,
1001 1192 1037 1250 ct
1058 1185 1334 1271 praecipucromuu

154 1283 328 1364 quendam
356 1285 490 1350 Petrum
523 1287 673 1374 Gylmyn
708 1288 901 1355 haereticum
934 1288 1148 1366 obstinatum,
1170 1309 1221 1353 re·

153 1385 336 1468 ceptando,
353 1389 400 1451 eis
423 1388 575 1466 favendo,
598 1397 633 1456 et
655 1391 742 1478 ipsos
756 1392 941 1478 reprobatae
955 1390 1106 1456 lectionis
1120 1390 1222 1455 libros

155 1483 310 1570 legentes
334 1489 510 1567 audiendo,
532 1512 660 1557 necnon
683 1499 808 1557 secreta
831 1493 1062 1558 conventicula
1084 1514 1161 1558 cum
1176 1493 1223 1556 eis

156 1586 371 1666 celebrando,
403 1599 503 1677 prout
536 1615 570 1658 se
602 1593 718 1659 fecisse
745 1595 953 1679 judicialiter
984 1617 1094 1660 coram
1130 1593 1224 1658 nobis

156 1689 367 1769 fatebantur,
390 1693 473 1759 alias
497 1695 718 1773 incurrebant,
741 1695 896 1779 abjurata
910 1718 969 1782 per
984 1719 1038 1762 ecs
1061 1701 1224 1761 eteorum

157 1798 356 1880 utrumque,
380 1795 545 1862 informa
571 1797 725 1864 Ecclesiae
747 1820 857 1864 coram
882 1798 986 1878 nobis,
1010 1798 1100 1862 omni
1123 1798 1225 1862 haere-

157 1895 226 1960 tica
249 1899 434 1982 pravitate,
457 1899 659 1984 inventaque
683 1901 784 1966 etiam
805 1921 864 1985 per
886 1922 940 1965 eos
963 1901 998 1964 in
1023 1899 1226 1966 cancellaria

160 1995 263 2081 Regis
287 1998 332 2061 de
355 2020 390 2063 se
421 1999 504 2064 bene
526 2001 670 2086 gerendo
693 2001 907 2086 imposterum
935 1999 1112 2065 sufficienti
1135 2022 1225 2064 secu·

160 2099 273 2172 ritate,
299 2101 504 2166 absolvimus
535 2102 571 2166 in
602 2102 707 2167 forma
734 2103 841 2184 juris;
868 2103 1056 2186 eisdemque
1077 2101 1225 2166 Johanni

161 2206 195 2264 et
210 2201 354 2268 Thomas
370 2225 409 2269 ac
430 2225 543 2268 eorum
567 2205 701 2289 utrique
717 2205 926 2290 injunximus
941 2225 1002 2290 pro
1017 2204 1225 2290 poenitentia,

161 2325 263 2387 quam
297 2327 455 2393 peragere
490 2315 524 2371 et
551 2307 687 2392 implere
711 2307 809 2372 tactis
845 2329 906 2393 per
936 2328 990 2371 ecs
1013 2308 1225 2371 sacrosanctis

163 2403 226 2469 Dei
250 2407 437 2493 evangeliis
460 2407 690 2494 promiserunt,
714 2409 801 2493 quod
826 2409 933 2472 tribus
955 2407 1071 2472 diebus
1086 2408 1224 2494 solemp-

163 2507 264 2572 nibus
299 2510 450 2594 proxime
484 2515 519 2575 et
557 2509 747 2575 immediate
787 2510 1013 2595 sequentibus,
1043 2508 1157 2595 primo,
1187 2511 1224 2574 in

164 2608 302 2674 ecclesia
327 2631 440 2674 eorum
463 2611 641 2697 parochiali
666 2611 706 2676 de
729 2610 997 2696 Wygbtrcsbam,
1021 2611 1171 2687 secundo,
1187 2613 1224 2675 in

164 2709 255 2776 dicta
290 2710 428 2777 ecclesia
462 2711 502 2776 dc
538 2711 715 2798 Apuldore,
739 2713 847 2790 tertio,
878 2712 915 2776 in
945 2711 1080 2778 ecclesia
1110 2718 1224 2777 nostra

166 2809 405 2878 Cantuariensi
427 2813 647 2899 processiones
670 2813 706 2876 in
729 2812 852 2877 eisdem
875 2810 1008 2889 fiendas,
1025 2812 1168 2878 camisiis
1187 2817 1222 2877 et

165 2912 293 2981 braccis
328 2916 396 2979 suis
428 2915 658 2981 tantummodo
689 2914 808 2991 induti,
843 2914 1037 3000 praeccdent,
1070 2918 1105 2979 et
1142 2913 1225 2979 duos

165 3034 285 3093 cereos,
309 3023 487 3100 utrumque
510 3015 657 3081 dimidiae
690 3015 783 3081 librae
805 3036 897 3093 cerae,
920 3013 1133 3079 inmanibus
1156 3014 1224 3078 suis

166 3118 358 3200 gestabunt,
381 3139 420 3184 ac
441 3118 546 3182 finitis
567 3117 825 3203 processionibus
841 3114 1039 3201 hujusmodi,
1060 3114 1096 3179 in
1119 3114 1224 3200 quali·

167 3216 225 3282 bet
258 3218 470 3285 ecclesiarum
504 3218 735 3305 praedictarum
774 3222 809 3281 et
839 3216 882 3282 ad
914 3215 1073 3281 feretrum
1109 3215 1225 3282 Sancti

167 3317 307 3385 'l'homoe
322 3321 359 3384 in
369 3320 505 3386 ecclesia
519 3327 633 3385 nostra
647 3315 880 3384 cantuariensi
895 3316 977 3380 duos
992 3336 1100 3381 cereos
1110 3314 1225 3399 hujus·

169 3422 260 3487 modi
290 3422 438 3500 offerent,
461 3428 496 3487 et
519 3420 688 3486 dimittere
719 3418 930 3484 tenebuntur.
986 3416 1089 3484 Vobis
1111 3417 1223 3503 igitur,

172 3524 377 3609 conjunctim
417 3529 453 3589 et
486 3523 631 3601 divisim,
664 3520 902 3589 committimus
938 3524 973 3585 et
1014 3519 1219 3595 mandamus,

173 3626 333 3711 quatinus
378 3626 509 3693 eosdem
543 3625 734 3691 lohannem
768 3629 803 3688 et
834 3622 995 3688 Thomam
1036 3620 1081 3686 ad
1115 3621 1224 3707 poeni-

171 3730 313 3795 tentiam
351 3751 409 3815 per
452 3749 516 3805 eos,
555 3732 595 3792 ut
627 3724 813 3812 praefertur,
851 3723 1035 3790 faciendam
1071 3722 1223 3799 evocetis,

172 3850 227 3893 seu
267 3832 356 3916 ipsos
395 3830 525 3895 evocari
557 3828 697 3905 faciatis,
735 3846 867 3892 eausam
902 3824 1109 3910 poenitcntiae
1154 3846 1223 3889 sure

172 3932 339 4017 praedietae
377 3933 462 3998 clero
501 3940 535 3997 ct
573 3930 695 4017 populo
725 3927 849 3994 ibidem
872 3926 1090 4013 praesentibus
1120 3926 1224 4012 speci·

172 4032 231 4099 fice
273 4034 484 4100 declarantes.
532 4034 577 4097 Et
608 4032 689 4117 quid
721 4030 876 4107 feceritis,
908 4034 943 4093 et
976 4028 1117 4113 quilibet
1151 4049 1222 4093 ves·

173 4140 261 4199 trum
295 4136 478 4215 feceritis
502 4134 681 4221 praemissis
713 4153 772 4196 nos
807 4129 919 4195 debite
953 4129 1140 4195 certificetis
1162 4151 1222 4215 per

174 4235 303 4304 litteras
335 4247 463 4303 vestras
505 4242 667 4324 patentes,
701 4233 820 4298 harum
852 4230 969 4296 seriem
1003 4231 1221 4309 continentes,

177 4340 343 4405 autentico
382 4340 551 4425 sigillatas.
614 4338 703 4403 Data
754 4336 790 4399 in
837 4332 985 4399 manerio
1028 4338 1141 4397 nostro
1178 4332 1219 4398 de

178 4438 336 4506 Lamhith
367 4455 453 4505 xxv⁰
492 4439 546 4504 die
577 4438 699 4503 mensis
726 4434 926 4501 Novembris
955 4454 1043 4499 armo
1080 4433 1218 4499 Domini

176 4556 454 4608 u⁰cccc⁰xxxu1¹0
490 4544 525 4607 ct
558 4546 680 4605 nostrae
713 4535 943 4603 translationis
979 4556 1068 4600 auno
1092 4537 1219 4600 decimo
1231 4594 1390 4645 mmm

173 4644 315 4708 octavo.'’
384 4643 489 4727 Cujus
522 4640 655 4727 quidem
689 4638 839 4703 mandati
880 4636 983 4701 vestri
1018 4636 1219 4700 reverendis·
1232 4662 1371 4712 mmm,

174 4744 245 4808 simi
278 4744 486 4819 auctoritate,
518 4742 672 4827 paefatus
704 4739 891 4805 Johunnem
925 4743 960 4801 et
983 4735 1143 4801 Thomam
1177 4737 1220 4801 ad
1230 4728 1357 4779 momen.
