3350 5800
630 883 926 936 cssrusmsssss.
1238 872 1280 939 87

224 1076 334 1142 about
347 1075 405 1141 the
420 1098 494 1142 sum
510 1076 548 1142 of
569 1076 663 1142 three
677 1075 830 1141 hundred
856 1075 924 1142 and
945 1076 1037 1163 forty
1052 1078 1190 1164 pounds.
1238 1078 1281 1142 In

224 1180 365 1245 witness
379 1180 417 1245 oi
441 1179 553 1246 which
576 1180 683 1267 thing,
698 1179 718 1243 Ι
732 1179 818 1245 bere
833 1182 884 1243 set
907 1177 965 1245 the
980 1179 1048 1245 seul
1063 1180 1100 1245 of
1111 1202 1170 1267 my
1191 1180 1282 1247 office

230 1282 271 1348 of
292 1283 350 1347 the
374 1283 563 1368 mayoralty
577 1287 613 1349 to
628 1282 723 1349 these
737 1282 862 1347 letters.
908 1282 1018 1347 Given
1043 1288 1080 1348 at
1103 1284 1162 1349 the
1188 1288 1281 1349 town

226 1384 267 1450 of
278 1384 466 1451 Nswcastle
490 1406 579 1469 upon
594 1385 698 1470 Tyne‚
712 1406 757 1449 on
770 1384 829 1450 the
854 1383 983 1449 festival
1013 1384 1053 1449 of
1074 1384 1122 1451 St
1140 1384 1283 1451 Thomas

226 1489 288 1553 tha
297 1488 429 1573 Martyr
439 1488 476 1553 in
491 1488 676 1555 Christmas
691 1488 795 1564 week,
806 1487 864 1552 the
873 1488 966 1552 sixth
981 1508 1062 1574 year
1077 1487 1114 1554 of
1121 1489 1179 1554 the
1191 1490 1283 1576 reign

228 1592 271 1655 of
288 1612 349 1656 our
363 1590 451 1656 Iord
466 1590 560 1676 King
574 1590 693 1677 Henry
707 1590 766 1655 the
781 1588 912 1655 Fourth
934 1590 1019 1657 atter
1043 1588 1100 1656 the
1116 1590 1283 1677 Conquest

226 1692 268 1758 of
277 1692 439 1778 England.

231 2257 373 2322 aliorum
395 2260 561 2343 praetensa
591 2258 721 2334 delicta,
753 2257 910 2335 indebite,
933 2258 1066 2343 injuste,
1088 2260 1178 2325 omni
1196 2256 1285 2343 juris

232 2360 359 2436 ordine,
374 2360 411 2423 in
425 2360 552 2426 talibus
567 2360 735 2445 requisito,
753 2360 1010 2446 [praetermisso],
1025 2384 1084 2449 per
1099 2363 1234 2428 modum
1250 2366 1285 2427 at

234 2482 278 2526 ex
292 2482 390 2527 eausa
404 2462 622 2548 reprisalium,
637 2462 775 2528 arestari
799 2460 949 2527 fecerunt
965 2469 1000 2528 et
1015 2464 1231 2541 mandarunt,
1247 2467 1282 2527 et

234 2563 282 2627 sic
305 2564 456 2629 detinent
476 2564 647 2649 bucusque
680 2568 833 2641 arrestata,
857 2564 912 2629 vel
935 2564 1085 2631 feoemnt
1108 2566 1286 2652 quominus

234 2665 324 2729 bona
359 2666 441 2751 ipsa,
477 2666 533 2730 vel
569 2666 717 2751 ipsorum
754 2686 853 2730 verus
893 2666 994 2745 valor,
1032 2668 1068 2731 in
1105 2670 1286 2733 eorundem

237 2768 388 2832 custodia
409 2768 560 2833 existant
582 2767 624 2832 de
639 2768 803 2852 praesenti.
850 2767 1022 2855 Quodque,
1037 2770 1285 2856 subsequenter,

236 2874 411 2956 postquam
445 2871 535 2936 dicto
568 2869 714 2936 Jobanni
749 2870 954 2956 injusticiam
987 2870 1178 2960 hujusmodi
1222 2873 1287 2938 sibi

235 2974 365 3039 notorie
409 2974 532 3039 factam
577 2973 680 3038 fuisse
734 2973 1018 3040 certitudinaliter
1074 2975 1281 3053 constiterat,

237 3081 358 3142 cuncta
393 3081 510 3142 contra
546 3097 631 3154 eum,
654 3081 694 3140 ut
726 3077 930 3162 praedicitur,
962 3083 1166 3163 attemptata
1197 3077 1286 3156 idem

236 3178 409 3244 Johannes
445 3178 569 3245 inclitae
612 3178 779 3244 memorie
824 3178 970 3245 Domino
1017 3180 1168 3256 Ricardo,
1206 3186 1288 3246 tunc

240 3279 375 3366 Angliae
407 3279 501 3366 Regi,
535 3280 656 3345 seriose
687 3271 852 3366 exposuit,
884 3301 923 3346 ac
954 3281 1028 3360 sibi,
1050 3285 1182 3347 servato
1213 3303 1289 3366 pro·

237 3403 330 3446 cassu
351 3381 511 3468 legitimo,
533 3381 804 3452 concurrentibus
837 3382 874 3445 in
896 3380 959 3446 hac
990 3387 1085 3467 parte
1117 3382 1158 3448 da
1188 3381 1288 3467 jure1

238 3483 416 3568 requisitis,
453 3481 588 3548 concedi
625 3481 782 3567 optinuit,
814 3487 855 3546 ut
885 3482 975 3547 bona
1006 3503 1289 3568 quorumcumque

239 3585 363 3651 civium
386 3585 468 3651 dicti
493 3583 651 3651 Civitatis
673 3584 878 3650 Soundensis
892 3585 981 3650 infra
1002 3607 1142 3672 regnum
1156 3585 1289 3674 Angliae

240 3689 439 3774 ubicumque
476 3693 559 3753 tunc
596 3686 787 3764 existencis,
821 3684 899 3751 vel²
932 3687 969 3752 in
1002 3687 1112 3774 ipsum
1150 3711 1288 3775 regnum

244 3794 368 3856 extunc
397 3793 549 3866 venture,
571 3789 769 3855 auctoritate
801 3788 901 3874 regia,
931 3811 1036 3874 usque
1067 3790 1110 3856 ad
1144 3791 1289 3857 valorem

178 3938 182 3944 -
242 3894 315 3979 viij⁰
336 3914 519 3960 marcarum
545 3893 780 3980 praedictarum
802 3893 926 3958 faceret
948 3894 1097 3974 arestari,
1119 3917 1158 3961 ac
1180 3896 1220 3961 de
1243 3897 1291 3961 eis

242 4017 345 4082 usqua
366 4017 480 4061 veram
503 4015 712 4082 compensem
736 3995 901 4061 dictarum
923 3995 999 4080 viije
1015 4017 1197 4062 marcarum
1217 3997 1293 4080 sibi,

242 4103 341 4184 prout
363 4098 506 4182 dejure,
528 4096 726 4163 auctoritate
759 4096 927 4182 praedicta,
950 4098 1102 4164 satisfieri
1135 4120 1292 4185 procura·

244 4203 304 4275 ret,
326 4198 504 4263 nonnullos
526 4198 682 4283 virosque
708 4196 899 4290 fidedignosl
913 4199 957 4264 ad
980 4199 1146 4286 praemissa
1180 4201 1291 4268 debite

249 4300 450 4385 exequenda,
473 4320 533 4386 per
555 4298 683 4364 dictum
705 4299 871 4384 quondum
893 4299 1027 4388 Regem,
1043 4299 1293 4368 Commissarios

250 4399 409 4487 deputari.
458 4400 531 4481 Qui,
554 4400 670 4486 vigore
692 4401 900 4466 auctoritatis
921 4401 1020 4487 regiae
1041 4401 1089 4466 eis
1111 4402 1292 4480 attributae,

254 4503 403 4588 quaedam
434 4503 523 4568 bona
557 4499 697 4568 Henrici
720 4501 863 4583 Quekell
884 4508 918 4570 et
942 4503 1130 4570 Hermanni
1162 4503 1293 4572 Comer-

279 4829 440 4894 ἤπυε.
776 4828 783 4898 ι
829 4828 955 4891 aucus.
981 4877 983 4880 ,
