3350 5800
416 854 479 921 168
876 867 1011 917 arrasa

240 1060 346 1111 about·
414 1054 626 1121 abundantia
657 1055 747 1141 pacis
781 1054 884 1119 etiam
915 1054 1046 1119 divitiis
1077 1054 1297 1119 abundabant
1330 1053 1476 1118 misera·

241 1128 392 1243 &⁰⁶¹⁸le
414 1156 528 1221 biliter
562 1158 685 1244 opertis
722 1156 824 1244 pallio
862 1156 1080 1244 paupertatis.
1137 1156 1236 1237 Quod
1262 1154 1481 1242 jampridem,

260 1258 381 1310 souma
416 1258 480 1347 pia
514 1260 750 1346 compassionis
783 1259 905 1346 spiritu
939 1259 1086 1335 excitati,
1125 1257 1268 1324 Sanctus
1302 1258 1481 1323 Romanus

238 1326 365 1459 Q*
418 1361 573 1427 Pontifex
611 1360 734 1447 aliique
771 1366 883 1447 patres
916 1362 953 1426 in
987 1363 1112 1427 Sancta
1143 1360 1317 1427 Basilienai
1347 1358 1481 1426 Sinodo

245 1473 382 1575 Ppffbo
418 1463 569 1530 intimius
591 1462 812 1539 advertentes,
827 1462 888 1527 hos
903 1464 974 1529 dies
989 1462 1174 1529 tractandae
1189 1463 1281 1549 pacis
1303 1463 1339 1527 in
1353 1462 1479 1526 Attra-

245 1540 403 1642 boimond
417 1566 548 1632 batensi
587 1566 744 1641 Civitate,
790 1567 900 1631 missis
937 1566 982 1631 ad
1019 1564 1081 1631 hoc
1126 1565 1296 1631 nonnullis
1333 1584 1480 1629 summm

245 1656 403 1723 9¹⁰⁰⁸⁸¹l0¹¹¹
416 1669 625 1735 auctoritatis
648 1674 684 1733 et
706 1668 819 1757 magni
842 1667 974 1733 concilii
997 1668 1090 1744 viris,
1113 1668 1218 1732 statui
1242 1670 1478 1755 procurarunt,

243 1726 374 1841 diffidit
415 1771 459 1837 ad
496 1792 578 1856 quos
616 1770 717 1835 etiam
756 1770 1047 1835 metuendissimus
1085 1774 1121 1835 et
1166 1768 1477 1836 Christianissimus

246 1858 403 1973 ‘lfflffi'
416 1873 568 1938 dominus
602 1877 717 1937 noster
740 1871 814 1937 Rex
845 1873 992 1959 insignes
1022 1894 1092 1937 suae
1123 1872 1308 1957 majestatis
1340 1870 1476 1935 amboe·

245 1938 401 2071 ideirrexpe-
416 1976 563 2051 siatores,
598 1979 632 2039 ct
663 1974 699 2039 in
722 1974 829 2059 specie
862 1974 1081 2039 reverendum
1107 1972 1143 2039 in
1175 1973 1310 2040 Christe
1341 1978 1476 2059 patrem

661 2178 1168 2265 [s]

240 2254 369 2372 {Jfflm
371 2252 392 2303 i·
415 2282 498 2348 riter
521 2281 658 2357 dictum,
681 2302 842 2369 magnum
865 2232 1068 2348 avunculum
1091 2302 1198 2358 suum,
1214 2200 1362 2367 ilicoque
1383 2200 1475 2368 pg-

242 2358 385 2467 f⁰¹2trd⁸r¹
414 2384 509 2461 latos,
532 2384 676 2461 comites,
706 2389 741 2448 et
774 2382 923 2460 barones,
955 2383 1115 2469 quosdam
1146 2382 1188 2447 de
1219 2384 1379 2470 sanguine
1400 2404 1474 2459 suo,

238 2455 360 2587 ‘geffl'ss
414 2506 453 2551 ao
490 2482 573 2549 alios
606 2483 767 2562 doctores,
802 2489 836 2549 et
859 2484 950 2549 viros
981 2484 1138 2571 providos
1169 2489 1204 2549 et
1238 2484 1396 2550 discretos
1433 2485 1473 2549 in

244 2588 389 2639 moresne
414 2586 554 2651 notabili
587 2608 726 2651 numero
764 2586 956 2653 destinavit.
1002 2586 1102 2652 Unde
1139 2587 1311 2653 credentes
1342 2608 1472 2653 summe

238 2654 368 2771 ffiff?
413 2689 632 2755 necessarium
663 2688 982 2774 saluberrimumque
1013 2690 1112 2754 utin
1145 2694 1216 2753 tam
1248 2690 1364 2767 sancti,
1399 2694 1472 2755 tam

239 2784 356 2841 servies.
414 2790 684 2857 desideratissimi
718 2794 753 2855 et
776 2790 867 2855 omni
898 2790 1009 2856 seculo
1040 2790 1216 2876 profuturi,
1240 2792 1470 2876 prosecutione

408 2893 536 2982 negotii
561 2892 789 2960 devotissimis
811 2892 1001 2959 orationum
1024 2892 1191 2981 suffragiis
1213 2914 1252 2960 eo
1275 2893 1471 2982 diligentius

407 2998 482 3062 Rex
505 2996 567 3062 Ille
599 2995 764 3082 pacificus,
788 3001 828 3060 ut
852 3017 966 3081 pacem
988 2995 1100 3074 saciat,
1123 3002 1289 3073 exoretur,
1312 3019 1378 3082 quo
1409 3019 1471 3084 per

408 3099 544 3186 longum
568 3097 633 3162 iter
655 3097 808 3184 fatigatis
826 3097 957 3185 jugiter
978 3098 1015 3162 in
1037 3097 1201 3162 bellorum
1223 3097 1470 3164 discriminibus

411 3201 515 3266 nichil
537 3197 768 3264 delectabilius
801 3199 858 3262 via
890 3199 1001 3286 pacis3
1038 3199 1134 3265 vobis
1164 3201 1402 3266 committimus
1433 3207 1470 3268 et

409 3303 615 3378 mandamus,
639 3301 798 3388 quatinus
830 3302 938 3367 Priori
961 3307 995 3368 et
1026 3301 1183 3389 capitulo
1206 3303 1360 3369 Ecclesiae
1392 3326 1467 3370 nos·

409 3411 471 3472 trae
494 3404 694 3472 cathedralis
726 3403 985 3482 Cantauriensis
1016 3427 1055 3471 ac
1085 3405 1160 3471 aliis
1182 3405 1372 3472 Abbatibus
1404 3409 1466 3492 [et]

411 3508 582 3574 Prioribus
605 3506 818 3572 ecclesiarum
849 3515 1081 3594 exemptarum
1104 3521 1140 3574 et
1161 3515 1468 3595 noncxemptarum,

411 3609 673 3696 Rectoribusque
711 3613 746 3672 et
784 3607 926 3673 Vicariis
969 3610 1183 3676 eeclesiarum
1227 3612 1465 3697 parochialium

410 3713 682 3799 quibuscumque,
698 3730 760 3797 per
774 3715 906 3776 nostrus
921 3710 1104 3790 civitatem,
1119 3711 1295 3792 dioecesim,
1311 3719 1348 3779 et
1363 3714 1465 3799 juris·

410 3815 571 3880 dictiones
602 3813 812 3879 immediatas
850 3813 993 3878 ubilibet
1030 3815 1231 3892 constitutis,
1269 3837 1345 3881 cnm
1374 3818 1465 3882 omni

409 3917 578 3983 celeritate
616 3915 765 4001 possibili
803 3915 997 4002 injungatis,
1031 3917 1120 4002 quod
1151 3917 1216 4003 ipsi
1247 3918 1284 3983 in
1321 3918 1465 3986 ecclesiis

409 4018 486 4094 suis,
524 4017 642 4082 diebus
680 4017 903 4103 solempnibus
941 4023 976 4083 et
1019 4019 1154 4096 festivis,
1192 4019 1342 4085 subditos
1379 4043 1464 4099 suos,

409 4118 543 4186 clericos
574 4123 609 4182 et
630 4116 740 4195 laicos,
764 4117 940 4185 efficaciter
962 4126 1121 4185 moneant
1143 4125 1179 4185 et
1212 4121 1383 4199 inducant,
1404 4145 1464 4188 seu

408 4217 536 4284 moneri
558 4217 685 4284 iaciant
707 4223 742 4283 et
764 4219 888 4298 induci,
911 4221 1000 4307 quod
1033 4243 1095 4308 pro
1117 4243 1196 4308 pace
1219 4228 1255 4287 et
1276 4224 1465 4310 tranquilli·

408 4327 479 4390 tate
502 4321 605 4410 regni,
637 4341 675 4386 ac
709 4322 836 4387 salubri
871 4327 906 4387 et
937 4323 1024 4389 felici
1057 4324 1268 4411 expeditione
1300 4325 1463 4392 dictorum

408 4423 693 4500 ambassiatorem,
725 4445 800 4490 cum
838 4426 927 4490 omni
960 4426 1067 4492 cordis
1105 4426 1304 4504 humilitate,
1336 4451 1464 4516 pruoes·

407 4529 515 4596 siones
547 4527 687 4616 singulis
722 4528 852 4613 quartis
874 4533 909 4593 et
939 4529 1044 4594 sextis
1074 4529 1173 4608 seriis,
1196 4551 1272 4596 cum
1310 4530 1465 4598 decentu-

408 4633 501 4698 cione
523 4630 665 4707 letaniae,
688 4630 843 4696 missaesi
865 4630 939 4696 fieri
961 4633 1096 4718 poterit,
1112 4632 1168 4698 vel
1190 4632 1291 4698 etiam
1313 4635 1465 4721 specialis

407 4735 559 4812 collecte,
575 4731 702 4798 faciant
724 4753 782 4799 seu
813 4733 885 4798 fieri
908 4741 1087 4821 procurent
1109 4736 1331 4822 solempniter,
1353 4742 1465 4805 otest
