3350 5800
432 846 473 907 48
879 860 1011 909 menn

430 1046 555 1111 tionem
588 1044 835 1131 omnipotentis
860 1044 933 1122 Dei,
956 1051 991 1110 et
1013 1045 1192 1111 Beetorum
1215 1045 1305 1113 Petri
1329 1055 1364 1113 et
1391 1048 1487 1114 Peuli

348 1206 351 1214 .
430 1146 663 1231 Apostolorum
702 1144 782 1230 ejus,
832 1167 868 1210 se
905 1146 1039 1211 noverit
1076 1146 1292 1211 incursurum.
1360 1147 1486 1213 Detum

429 1246 544 1313 Romae
559 1246 647 1332 epud
672 1246 832 1312 Sanctum
858 1244 995 1313 Petrum
1011 1246 1077 1331 vij⁰
1091 1247 1252 1314 kelendes
1274 1248 1298 1313 J
1299 1249 1359 1313 ulii
1374 1250 1484 1336 ponti·

428 1347 545 1413 ficetus
567 1347 673 1413 nostri
696 1368 784 1413 enno
807 1346 924 1413 sexto.l

284 1626 382 1690 tsept.
429 1610 813 1685 963.—Aoou1nmuom
836 1607 975 1673 Dounu
1005 1609 1185 1674 donemus
1216 1608 1344 1676 Yosoe
1367 1611 1479 1676 Aeet-

255 1774 281 1825 s·
294 1696 369 1825 ζῇ·
694 1726 747 1775 ns
770 1708 825 1773 Dn
847 1709 943 1775 Vero
966 1726 1003 1775 m
1028 1709 1218 1778 Erremus.

253 1900 385 1965 soeoeipt
472 1850 638 1915 Noverint
661 1847 809 1913 universi
841 1868 901 1933 per
932 1855 1118 1933 praesentes,
1139 1870 1200 1914 nos
1222 1849 1382 1916 Thomem
1404 1873 1479 1938 per·

253 1967 374 2017 forthree
426 1950 577 2015 missione
600 1948 715 2013 divine
738 1948 883 2013 Priorem
907 1948 1060 2013 Eecleeiae
1075 1948 1201 2015 Christi
1224 1950 1477 2018 cantuariensis

251 2032 408 2162 mgb„
425 2056 459 2115 et
482 2052 627 2136 ejusdem
650 2050 713 2115 loci
733 2049 954 2125 Conventum,
969 2049 1133 2135 recipisse,
1147 2056 1208 2116 etc.
1232 2054 1478 2119 venerabilibus

248 2164 408 2215 ofremsrks
425 2158 459 2216 et
481 2152 641 2237 religiosis
664 2150 744 2214 viris
768 2150 913 2215 Domino
943 2150 1096 2215 Johenne
1119 2150 1244 2237 Yonge,
1268 2151 1400 2219 Abbete
1425 2154 1475 2219 De

250 2230 381 2346 fflffiss
424 2253 511 2319 Voto
548 2256 584 2318 in
618 2252 789 2328 Hibernia,
823 2258 859 2317 et
896 2251 1044 2338 ejusdem
1077 2252 1139 2319 loci
1173 2260 1342 2319 conventu
1379 2257 1474 2341 xxvj.

247 2313 406 2443 pfryntenie
423 2354 523 2420 libres
554 2355 648 2420 bonae
680 2359 715 2419 et
745 2353 862 2441 legalis
893 2359 1045 2430 monetae,
1082 2375 1143 2440 pro
1180 2355 1323 2439 quedem
1361 2378 1475 2423 annua

245 2428 389 2545 ffiffid
423 2458 578 2543 pensione
611 2456 711 2521 trium
746 2476 909 2521 annorum
939 2455 1059 2519 ultimo
1081 2455 1276 2541 elapsurum,
1310 2459 1406 2525 nohis
1438 2466 1473 2525 et

248 2559 359 2622 murel,
422 2556 573 2623 Eeclesiae
595 2561 717 2621 nostroe
740 2554 861 2619 debite
908 2555 959 2619 De
993 2556 1114 2640 quibus
1148 2557 1271 2643 viginti
1294 2581 1354 2623 sex
1376 2560 1472 2625 libris

245 2626 352 2758 paler
419 2658 562 2721 letemur
584 2677 643 2721 nos
666 2656 734 2720 fore
756 2654 911 2731 solutum,
933 2654 1104 2741 dictosque
1127 2656 1293 2721 Abbetem
1324 2665 1359 2723 et
1383 2658 1470 2724 Con·

419 2764 555 2823 ventum
587 2758 628 2823 de
660 2757 756 2833 Votn,
790 2776 892 2841 usque
929 2755 966 2819 iu
1003 2756 1117 2821 detem
1155 2764 1359 2842 prementem,
1397 2760 1469 2826 iore

417 2860 546 2947 quietos
583 2879 641 2944 per
678 2862 864 2943 praesentes.
911 2854 954 2920 In
991 2857 1087 2942 cujus
1124 2858 1181 2933 rei,
1204 2863 1264 2924 etc.
1310 2859 1400 2926 Dete
1430 2864 1466 2926 in

417 2962 513 3026 domo
545 2965 657 3025 nostro
689 2959 876 3044 capitulari,
899 2957 935 3021 in
967 2958 1083 3044 vigilie
1118 2959 1321 3025 Netivitetis
1352 2962 1465 3028 Beetae

419 3061 539 3137 lileriae,
574 3081 661 3124 enno
692 3057 785 3144 regni
816 3057 917 3142 Regis
939 3057 1072 3124 Ricardi
1104 3060 1240 3124 secundi
1278 3067 1355 3147 post
1386 3085 1462 3128 cen-

417 3167 572 3248 questnm
596 3157 727 3245 Angliee
750 3158 974 3224 nonodecimo.

414 3392 687 3460 964.-L1rrnnn
710 3405 810 3454 nisse
833 3405 900 3452 eru
921 3387 1098 3452 Domuum
1113 3386 1269 3452 Theseu
1292 3387 1462 3451 Eunomo

567 3492 657 3557 Reor
680 3491 841 3556 Rrenuno
863 3490 1019 3565 Ansere,
1043 3505 1113 3553 uro.
1138 3505 1204 3554 sne
1226 3505 1371 3553 smnms
1393 3489 1459 3553 Do-

566 3609 647 3657 nnru
670 3593 941 3656 Ancnrnrrsoorr
964 3605 1007 3653 er
1030 3588 1174 3653 Pmoers
1197 3605 1239 3652 rr
1263 3589 1442 3655 Cunnum.

457 3739 740 3811 Excellentissimo
773 3759 812 3804 ec
845 3734 1130 3803 Christianissime
1164 3735 1313 3822 Principi
1336 3742 1371 3801 et
1400 3736 1459 3800 do·

411 3843 500 3906 mino
522 3846 645 3917 nostro,
668 3838 811 3903 Domino
835 3835 978 3902 Ricardo
1000 3835 1064 3900 Dei
1086 3835 1196 3922 gretie
1218 3836 1302 3922 Regi
1316 3836 1461 3923 Angliee,

444 4042 523 4092 ¹'I¹he
539 4040 615 4104 pepel
633 4039 687 4088 bull
707 4037 729 4087 is
748 4037 865 4086 followed
882 4035 909 4084 in
957 4033 1144 4083 consideration
1166 4034 1244 4100 giren
1272 4033 1298 4083 in
1326 4035 1458 4100 exchsnge

408 4118 567 4186 theregister
572 4119 605 4182 by
610 4117 654 4167 the
662 4116 750 4166 formal
756 4113 908 4165 ratification
955 4112 996 4162 sor
1012 4111 1063 4161 this
1074 4111 1180 4175 annuity
1192 4111 1213 4160 is
1224 4120 1269 4161 net
1281 4113 1371 4169 stated.
1384 4115 1454 4162 buta

407 4200 437 4248 ol
447 4198 490 4248 the
501 4197 577 4248 Prior
587 4198 638 4246 end
654 4195 767 4258 Chapter
784 4193 813 4243 ol
823 4191 911 4244 Christ
955 4195 1051 4244 second
1061 4195 1132 4243 boud
1150 4193 1259 4254 follows,
1271 4193 1298 4242 in
1309 4194 1392 4243 which
1409 4194 1453 4243 the
1525 4241 1536 4248 ,

410 4276 520 4333 Church,
539 4276 590 4324 end
610 4277 645 4338 by
667 4275 767 4324 ebond
787 4270 863 4336 given
873 4270 908 4334 by
953 4271 1027 4322 Prior
1053 4274 1105 4322 end
1132 4272 1246 4335 Chapter
1273 4272 1453 4337 ecknowledge

406 4353 475 4404 John
499 4353 612 4410 Wotton,
630 4352 672 4402 the
690 4352 743 4401 first
764 4351 863 4400 Mester
880 4347 909 4397 ef
951 4349 1104 4400 themselves
1115 4351 1202 4398 bound
1214 4358 1242 4401 to
1260 4366 1313 4415 puy
1325 4351 1369 4399 the
1381 4366 1452 4400 seme

406 4433 449 4480 the
470 4427 656 4496 uew'College‚
675 4427 793 4492 securing
815 4436 843 4476 te
861 4427 905 4476 the
949 4443 1006 4476 sum
1023 4429 1111 4492 yearly
1129 4436 1157 4477 to
1177 4428 1238 4492 Guy
1249 4427 1329 4476 Mene
1347 4427 1387 4476 for
1404 4429 1447 4478 the

406 4511 478 4560 Prior
498 4512 549 4561 end
565 4509 678 4572 Chapter
694 4522 727 4556 en
749 4505 857 4570 annuity
877 4503 907 4554 cf
948 4512 1013 4554 term
1020 4504 1050 4554 oi
1059 4505 1099 4555 his
1110 4505 1161 4554 life.
1178 4505 1220 4554 He
1231 4519 1281 4555 was
1294 4505 1337 4554 :he
1348 4505 1453 4570 retiring

406 4598 456 4640 two
467 4590 582 4640 hundred
593 4588 680 4638 marks
691 4585 782 4649 during
802 4585 846 4634 the
857 4583 902 4632 life
946 4590 1028 4634 rector
1039 4584 1071 4633 ei
1078 4585 1122 4633 All
1134 4582 1237 4641 Seint's,
1248 4582 1402 4636 munione.

402 4671 434 4719 ol
450 4685 498 4719 one
519 4667 579 4734 Cuy
597 4666 686 4725 Mene,
703 4679 718 4714 a
734 4663 812 4713 eleth.
847 4660 901 4711 'l'he
