3350 5800
544 954 833 1005 corroserunsas.
1153 939 1215 1004 291

162 1126 313 1195 lanarum
338 1151 435 1207 unus,
459 1136 493 1195 et
517 1129 642 1195 Christi
667 1129 819 1194 Ecclesiae
844 1129 994 1215 specialis
1009 1131 1158 1209 amicue;
1182 1135 1217 1195 et

161 1230 322 1317 Magister
356 1231 543 1297 Willelmus
576 1232 764 1316 Plumpton,
798 1232 993 1296 Procurator
1031 1232 1215 1296 ministerio

160 1332 304 1419 fungens
327 1335 428 1420 hujus
451 1335 509 1411 rei,
532 1334 704 1419 negotium
728 1334 822 1419 plene
852 1354 1058 1418 cognoscens,
1082 1339 1116 1397 et
1147 1332 1214 1398 Do·

161 1434 253 1513 mino
276 1436 532 1522 Archiepiseopo
564 1441 598 1499 et
630 1436 700 1520 ejus
724 1433 860 1499 consilio
891 1434 1034 1498 fideliter
1063 1434 1213 1499 referens.

162 1535 239 1600 Hiis
263 1540 466 1624 temporibus
489 1538 608 1624 agebat
630 1537 774 1623 regimen
799 1536 1083 1622 archiepiscopalis
1105 1536 1213 1621 digni-

161 1639 244 1703 tatis
276 1640 439 1706 Dominus
474 1641 616 1705 Thomas
649 1639 822 1726 Bowchyr,
847 1640 900 1702 vir
932 1661 1060 1726 rna-gnae
1093 1638 1213 1705 nobili·

162 1740 250 1816 tatis,
267 1741 307 1806 de
331 1743 491 1829 sanguine
514 1741 613 1827 regio,
630 1764 671 1805 ex
695 1741 763 1805 suis
786 1740 1052 1828 progenitoribus
1075 1741 1111 1805 in
1134 1763 1212 1806 vero

161 1843 374 1911 matrimonio
397 1844 556 1930 splendiae
581 1848 777 1929 procreatus,
795 1849 829 1909 et
854 1842 944 1907 tituli
961 1842 1076 1908 Sancti
1093 1842 1213 1909 Ciriaci

161 1941 198 2005 in
233 1944 358 2009 Termis
391 1942 779 2029 Presbyter-Cardinalis,
812 1944 847 2006 in
880 1944 976 2007 annis
1008 1965 1076 2008 suae
1108 1949 1213 2009 trans·

161 2043 296 2111 lationis
319 2061 409 2111 xxm⁰
433 2054 467 2112 et
490 2047 599 2132 xxjflw.
646 2047 779 2133 Agebat
809 2052 890 2111 tunc
921 2047 1067 2132 regimen
1098 2067 1212 2131 supra·

161 2146 243 2210 dicti
267 2148 432 2232 prioratus
457 2150 616 2235 Magister
638 2147 824 2218 Willelmus
849 2146 996 2233 Sellyng‚
1019 2150 1073 2212 vir
1094 2149 1130 2212 in
1152 2169 1212 2212 no·

161 2247 293 2314 bilitate
317 2250 396 2315 vitre
420 2257 454 2316 et
476 2252 611 2336 optimae
635 2250 734 2315 famae
750 2250 898 2335 undique
921 2271 1096 2336 respersae,
1110 2252 1210 2314 etiam

161 2348 401 2416 Universitatis
448 2352 673 2427 Bononiensis,
711 2372 752 2415 ex
800 2351 1009 2435 reputatione
1053 2352 1212 2427 omnium,

159 2450 197 2514 in
220 2452 388 2537 theologia
410 2454 534 2519 Doctor
549 2453 646 2517 valde
669 2452 862 2539 preclarum
885 2474 923 2538 eo
939 2453 1043 2538 magis
1065 2453 1212 2519 famosus

160 2574 226 2637 quo
257 2575 323 2618 non
357 2556 466 2619 minus
490 2556 525 2619 in
550 2556 663 2621 Graeca
686 2559 721 2620 et
753 2554 873 2618 Latina
905 2554 1021 2639 lingua
1053 2556 1212 2620 extiterat

159 2656 308 2741 apprime
343 2658 492 2725 eruditus
525 2664 560 2723 et
593 2658 675 2723 satis
706 2678 835 2740 gnarus.
884 2657 1040 2722 Manebat
1073 2665 1153 2723 tunc
1176 2658 1211 2720 in

159 2755 266 2822 officio
289 2758 478 2845 Supprioris
496 2760 654 2846 Magister
669 2758 855 2823 Willelmus
878 2758 1042 2845 Hadlegh,
1065 2758 1211 2843 ejusdem

159 2858 398 2928 Universitatis
434 2862 469 2926 in
492 2861 671 2949 Theologia
701 2861 835 2951 Doctor,
858 2861 911 2925 vir
942 2861 977 2924 in
1012 2881 1104 2926 sacra
1135 2882 1212 2926 con·

158 2962 345 3028 versatione
368 2969 403 3028 et
434 2966 514 3029 vitre
536 2964 754 3050 religiositate
779 2962 878 3028 valde
901 2963 1093 3048 praecipuus.
1140 2963 1208 3026 Ex-

158 3063 304 3129 titerunt
335 3067 437 3130 etiem
471 3071 552 3130 tunc
586 3065 733 3150 ejusdem
770 3063 922 3129 Ecclesiae
955 3064 1209 3141 Poenitentiarii,

158 3166 511 3232 monachi-sacerdotes
535 3174 568 3233 et
591 3167 738 3253 professi,
763 3166 948 3232 Willelmos
972 3166 1150 3232 Thornden
1173 3167 1209 3231 in

157 3265 326 3354 theologia
342 3268 557 3346 Baccalarius,
574 3275 609 3334 et
624 3268 788 3334 Henricus
804 3267 947 3345 Holden,
963 3268 1016 3332 vir
1031 3269 1067 3331 in
1082 3289 1210 3334 morum

158 3368 327 3454 probitate
365 3375 399 3435 et
436 3371 589 3457 religiosa
622 3370 871 3435 conversatione
906 3369 986 3434 satis
1024 3368 1208 3436 laudabilis.

157 3471 296 3537 Peracta
318 3472 453 3537 fuerunt
476 3473 542 3537 ista
564 3493 651 3538 anno
675 3472 810 3536 Domini
834 3470 1096 3536 wooccnxxvls

158 3709 375 3776 lose-Suo
399 3727 704 3776 aavuasrrmssruo
729 3728 766 3775 rr
784 3715 939 3776 Ouersro
955 3711 1063 3774 Parar
1083 3711 1209 3776 Paroar
1251 3722 1283 3769 2⁵
1296 3717 1356 3769 oa.

346 3813 526 3876 ocensem
551 3812 696 3878 Ouars‘n
720 3811 1013 3877 Consularerrsra
1223 3787 1353 3928 S(l¹3⁴⁷⁵⁵⁹)·

636 3957 725 4005 1.rr.c.

202 4066 488 4133 Reverendissimo
519 4069 554 4133 in
578 4068 710 4135 Christo
733 4069 826 4134 Patri
849 4090 928 4133 suus
951 4068 1088 4134 humilis
1110 4067 1209 4146 filius,
1222 4064 1356 4183 proviciae

154 4169 285 4234 debitas
324 4171 523 4236 reverentias
561 4177 596 4236 et
633 4171 779 4236 honores
827 4172 1006 4256 Postquam
1040 4193 1062 4234 a
1096 4176 1207 4236 vestro
1221 4149 1362 4249 ,ffimf

154 4270 324 4336 Gardiano
348 4293 406 4357 pro
437 4273 589 4358 expensis
619 4273 670 4337 tui
702 4272 835 4338 scolaris
859 4272 993 4338 Ricardi
1016 4273 1101 4357 Tyll,
1126 4295 1208 4358 quas
1221 4265 1356 4380 5⁸⁰¹&-

154 4373 200 4438 ab
230 4393 268 4438 ec
298 4373 518 4458 postulabam,
549 4375 706 4459 pecunias
740 4374 946 4461 accepissem,
977 4373 1206 4439 colendissimo
1221 4346 1286 4463 1022

154 4477 260 4559 pater,
282 4481 417 4558 propter
440 4475 599 4560 majorem
630 4474 805 4539 solutionis
827 4475 1040 4551 evidentiam,
1063 4475 1164 4561 petiit
1185 4497 1207 4540 a

154 4595 208 4639 me
232 4579 271 4639 ut
293 4579 452 4660 quantam
467 4597 556 4642 nunc
579 4597 639 4662 pro
661 4576 734 4662 ipsa
756 4598 791 4641 re
814 4598 977 4641 summam
992 4577 1207 4663 pecuniarum

155 4677 259 4743 abeo
282 4697 467 4764 receperam
490 4683 583 4744 tuam
614 4679 852 4764 paternitatem
875 4679 956 4742 meis
979 4679 1101 4744 litteris
1122 4679 1209 4745 fece-

154 4799 226 4843 rem
257 4778 437 4857 certiorem,
462 4781 514 4846 cui
545 4781 593 4846 rei
616 4781 686 4866 ipse
717 4779 805 4844 enim
828 4785 900 4845 tcto
930 4780 1042 4845 animo
1072 4785 1210 4867 totoque

1010 4883 1075 4946 rt
