3350 5800
610 897 796 946 arrasam.
1175 879 1240 945 393

186 1095 302 1162 Oourts,
316 1096 375 1152 and
393 1102 446 1153 not
465 1103 497 1152 to
516 1097 552 1152 be
571 1097 703 1153 believed
716 1097 747 1152 in
767 1096 912 1166 anything
931 1112 974 1149 we
996 1111 1061 1166 may
1075 1110 1135 1163 say.
1172 1091 1242 1148 And

185 1199 227 1235 we
239 1181 301 1236 also
312 1180 440 1252 promise
453 1181 519 1234 that
531 1178 646 1235 neither
658 1197 701 1234 we
713 1197 767 1233 nor
781 1197 838 1248 any
851 1180 884 1232 ol
893 1197 947 1232 our
960 1195 1029 1232 men
1040 1175 1103 1231 will
1115 1174 1190 1246 spoil
1202 1177 1241 1247 by

186 1260 285 1332 injur-y
298 1280 330 1316 or
343 1262 466 1332 damage
474 1262 524 1316 the
537 1261 626 1317 castle
640 1263 672 1316 ol
682 1279 736 1316 our
744 1261 822 1316 Lord
835 1262 885 1315 the
894 1260 977 1329 King
985 1264 1016 1314 at
1026 1258 1240 1330 Scarborough,

185 1363 239 1400 nor
260 1363 317 1416 any
329 1361 383 1400 one
404 1344 507 1399 within
527 1343 560 1410 it,
583 1344 712 1400 between
734 1345 782 1398 the
803 1347 924 1415 present
948 1343 1006 1412 day
1027 1342 1087 1396 and
1111 1341 1162 1396 the
1185 1339 1242 1410 day

185 1427 338 1484 aforesaid.
357 1429 445 1486 ,And
467 1429 517 1482 the
535 1427 680 1483 aforesaid
701 1427 748 1482 sir
761 1427 846 1482 Piers
862 1428 1006 1497 promises
1025 1426 1057 1480 in
1070 1425 1148 1496 good
1167 1425 1241 1479 saith

185 1513 243 1566 and
265 1512 376 1583 loyalty
388 1513 446 1566 and
466 1512 591 1566 without
613 1529 669 1582 any
691 1510 795 1574 deceit,
811 1512 876 1564 that
894 1511 932 1563 he
951 1510 1013 1563 will
1030 1510 1162 1581 nothing>
1177 1525 1242 1578 pro-

185 1613 254 1650 care
276 1597 352 1650 from
373 1596 422 1650 the
442 1595 525 1664 King
544 1613 597 1650 nor
616 1596 690 1649 from
712 1595 796 1649 those
815 1595 904 1648 about
917 1593 979 1646 him
998 1593 1026 1647 in
1049 1593 1099 1646 the
1122 1597 1243 1646 matters

185 1681 216 1734 in
237 1677 379 1750 question,
395 1687 498 1748 except
518 1678 587 1748 only
600 1678 649 1733 the
661 1678 759 1748 points
781 1678 873 1732 above
893 1675 1001 1731 named
1022 1677 1081 1731 and
1101 1675 1152 1730 the
1173 1675 1242 1728 like.

186 1763 223 1816 In
237 1763 365 1826 witness,
385 1761 437 1816 dac.
476 1761 571 1816 Given
592 1769 622 1817 at
644 1760 852 1830 Scarborough
873 1761 923 1817 the
945 1760 1013 1815 l9th
1036 1759 1094 1830 day
1106 1761 1138 1814 of
1155 1759 1237 1827 May,

185 1847 217 1902 in
231 1845 292 1913 (the
305 1843 423 1914 King’s)
436 1843 504 1900 fifth
516 1862 597 1915 year.

186 2529 342 2584 tractanda
359 2527 422 2583 sine
451 2528 609 2599 praesentia
627 2530 743 2600 praefati
770 2529 994 2602 Archiepiscopi
1020 2530 1244 2588 cantuariensis
1279 2590 1281 2593 ,

188 2617 219 2667 et
237 2613 486 2682 suffraganeorum
504 2629 624 2667 suornm
643 2611 862 2682 praedictorum,
878 2615 929 2685 qni
948 2613 979 2669 in
998 2613 1133 2670 absentia
1150 2613 1244 2686 ipsius

187 2692 408 2765 Archiepiscopi
427 2693 464 2747 ad
482 2693 596 2748 dictum
614 2694 843 2766 parliamentum
860 2714 919 2750 non
938 2697 1086 2761 accedent,
1106 2703 1140 2751 nt
1159 2697 1245 2751 intel·

188 2775 325 2842 leximns,
344 2795 403 2832 non
421 2777 537 2846 possint
561 2777 598 2832 ad
623 2784 758 2833 nostrum
784 2785 813 2834 et
839 2779 926 2850 regni
945 2779 1038 2835 nostri
1056 2781 1196 2835 honorem
1214 2786 1245 2834 et

187 2860 372 2918 commodum
391 2859 585 2932 pertractari;
605 2863 790 2918 attendentes
809 2862 900 2919 etiam
920 2862 1047 2935 dampna
1065 2868 1095 2919 et
1112 2862 1245 2935 pericula

188 2963 265 3015 quoe,
285 2962 337 3016 per
368 2944 536 3016 hujusmodi
562 2944 774 3016 impedimenta
799 2946 895 3002 eidem
922 2946 1151 3017 Archiepiscopo
1170 2948 1243 3003 Oan-

189 3028 339 3092 taariensi,
353 3046 440 3099 snper
458 3028 640 3098 bajulatione
654 3029 749 3084 crucis
762 3048 823 3085 snae
836 3030 913 3084 infra
932 3031 1042 3085 dictam
1061 3030 1242 3101 provinciam

189 3118 316 3167 vestram
335 3122 386 3166 aut
404 3110 480 3177 aliis,
501 3111 663 3177 inferenda,
679 3111 757 3183 qnod
776 3113 864 3175 absit,
883 3112 967 3168 uobis
985 3120 1016 3167 et
1033 3131 1126 3183 regno
1144 3120 1244 3169 nostro

188 3196 219 3250 iu
247 3194 326 3250 dicto
352 3195 547 3267 parliamento
577 3203 677 3251 nostro
708 3213 796 3268 super
827 3196 916 3251 dictis
946 3197 1075 3267 negotiis
1106 3203 1245 3267 poterunt

188 3278 322 3345 evenire;
341 3277 424 3333 vobis
441 3277 624 3343 mandamns,
643 3279 697 3333 sub
715 3278 906 3335 forisfactura
923 3278 1055 3334 omnium
1074 3298 1141 3350 qnoe
1158 3280 1245 3337 nobis

189 3362 355 3419 forisfacere
374 3360 519 3432 poteritis,
538 3360 665 3416 firmiter
694 3360 901 3433 injungentes,
927 3365 1007 3433 quod
1032 3364 1245 3435 praenominato

188 3445 416 3517 Archiepiscopo
443 3444 646 3499 Cantuariensi
670 3456 722 3499 aut
748 3445 811 3514 ejus
839 3446 969 3512 familiae,
989 3446 1021 3500 in
1046 3448 1190 3503 veniendo
1208 3449 1246 3502 ad

188 3529 302 3585 dietum
332 3529 557 3599 parliamentum
588 3535 732 3593 nostrum,
765 3528 874 3583 ibidem
905 3530 1055 3594 morando,
1082 3538 1112 3585 et
1142 3530 1245 3586 exinde

188 3611 348 3675 redeundo,
379 3628 466 3681 super
496 3609 679 3679 bajulatione
705 3610 800 3665 crucis
827 3610 921 3681 ipsius
946 3611 1168 3684 Archiepiseopi
1197 3616 1246 3669 vel

189 3694 256 3751 aliis
275 3694 515 3767 quibuscumque,
530 3710 588 3748 non
601 3692 746 3758 inferatis,
760 3712 813 3749 nec
833 3712 886 3764 per
904 3694 977 3749 alios
989 3695 1054 3749 fieri
1071 3697 1244 3767 procuretis,

190 3781 360 3851 dampnum,
398 3777 643 3847 impedimentum
680 3777 808 3847 aliquod,
842 3796 894 3834 sen
925 3768 1095 3848 gravamen,
1133 3798 1246 3836 exeom-

191 3860 410 3926 municationis,
440 3861 649 3931 suspensionis,
677 3860 724 3913 vel
751 3860 903 3916 interdicti
930 3864 1100 3925 sententias,
1121 3864 1145 3917 si
1172 3882 1245 3933 quas

191 3943 420 4002 tulminaveritis
439 3962 473 3997 ex
492 3945 546 3999 hac
565 3960 663 4008 causa,
684 3942 802 3999 interim
822 3951 1001 4000 revocantes.
1041 3946 1173 4003 Scientes
1191 3966 1244 4019 pro

189 4034 280 4094 certo,
299 4026 422 4098 quodsi
449 4026 590 4097 praedicto
618 4026 846 4099 Archiepiscopo
875 4027 1081 4084 Cantuariensi
1106 4032 1243 4097 valenis,

189 4130 224 4167 ex
243 4109 338 4167 causis
357 4108 485 4181 praeviis,
507 4108 596 4163 fueris
616 4108 714 4179 aliqua
733 4109 871 4181 angustia
890 4110 1029 4182 irrogata,
1050 4124 1246 4183 praesumetur

190 4214 242 4252 ros
259 4195 329 4249 inde
347 4195 495 4249 immunes
513 4211 572 4247 non
591 4192 698 4259 faisse3
718 4213 771 4266 per
789 4196 869 4266 quod
886 4204 989 4252 contra
1015 4217 1067 4254 ros
1085 4218 1244 4270 possemus,

190 4278 269 4349 quod
287 4295 346 4332 non
364 4276 514 4341 vellemus,
528 4275 687 4346 provocari.
726 4278 745 4332 J
747 4294 781 4331 us
793 4276 871 4332 enim
886 4279 1003 4349 praelati
1014 4281 1244 4354 Archicpiscopi‚

190 4368 221 4417 et
239 4367 379 4424 vestrum,
399 4377 431 4413 ac
451 4357 648 4414 Ecclesiaram
667 4365 833 4415 vestrarum
852 4362 882 4416 in
911 4364 1079 4432 premissis,
1101 4372 1245 4435 qnatenus

188 4444 227 4499 od
244 4460 297 4497 nos
315 4440 384 4496 inde
411 4442 529 4506 attinet,
548 4440 698 4512 integrum
717 4449 746 4496 et
765 4441 892 4498 illaesum
911 4444 941 4498 in
960 4446 1092 4500 omnibus
1110 4449 1245 4505 volumus

190 4527 365 4583 conservari.
420 4524 497 4595 Quid
528 4531 627 4579 autem
654 4525 685 4580 iu
715 4526 875 4597 praemissis
905 4527 1047 4584 duxeritis
1077 4530 1244 4587 faciendum

187 4610 273 4666 nobis
291 4606 353 4664 siue
378 4607 519 4663 dilatione
538 4606 638 4677 aliqua
664 4608 832 4663 rescribatis
859 4628 909 4680 per
937 4612 1128 4680 presentium
1155 4616 1245 4683 porti·

189 4701 294 4749 torem.
343 4694 437 4757 Teste,
470 4698 526 4747 etc.
555 4691 635 4762 apud
662 4692 835 4757 Eboracum,
855 4694 944 4749 tertio
970 4693 1017 4750 die
1046 4696 1228 4767 Septembris

189 4792 266 4836 anno
284 4774 368 4845 regni
387 4773 480 4829 nostri
499 4778 610 4833 octavo.
