3350 5800
597 911 890 965 cauruaerarsas
1226 904 1268 965 65

209 1088 320 1172 petita
360 1089 485 1173 pariter
518 1094 553 1154 et
598 1088 743 1167 obtenta,
783 1110 882 1174 quam
927 1111 968 1153 ex
1012 1090 1119 1155 causis
1158 1087 1268 1163 licitis,

209 1189 411 1268 necessariis
435 1196 470 1255 et
491 1190 639 1255 honestis
663 1188 741 1255 dare
765 1190 915 1276 potuerit
937 1190 1045 1255 dictus
1060 1190 1182 1257 Orrstos
1204 1197 1266 1254 aut

209 1288 319 1355 locum
343 1290 415 1375 ejus
437 1296 563 1367 tenens,
578 1290 742 1375 quociens,
759 1291 828 1368 ubi,
851 1296 887 1357 et
903 1292 1063 1377 quamdiu
1086 1292 1150 1357 sibi
1173 1292 1267 1356 vide·

212 1392 307 1457 bitur
328 1394 493 1481 expedire.
539 1394 744 1461 Dumtamen
766 1395 852 1460 idem
878 1395 1077 1480 capellanus
1099 1396 1137 1460 in
1151 1395 1268 1460 absen-

213 1495 265 1558 cia
296 1516 356 1561 sua
398 1495 589 1581 hujusmodi
623 1518 681 1581 per
713 1497 816 1561 alium
851 1496 1067 1583 Capellanum
1100 1497 1267 1583 ydoneum

215 1596 331 1661 divina
369 1596 472 1661 faciat
494 1595 660 1675 celebrari,
684 1596 837 1682 quodque
871 1597 1080 1682 pauperibus,
1110 1603 1146 1662 et
1176 1618 1268 1683 pere-

213 1697 319 1782 grinis
350 1699 391 1763 ad
425 1698 535 1784 ipsum
570 1698 744 1786 Hospitale
785 1699 1027 1764 confluentibus
1059 1704 1094 1764 et
1123 1700 1160 1763 in
1197 1701 1269 1784 ipso

214 1796 404 1878 infirmatis,
426 1804 632 1865 sacramenta
661 1806 696 1863 et
728 1799 978 1866 sacramentalia
1000 1802 1028 1865 si
1052 1802 1145 1886 prius
1167 1800 1269 1865 fuerit

216 1900 426 1985 [requisitus]
465 1903 501 1965 in
537 1902 660 1981 eodem,
684 1923 743 1987 per
768 1924 802 1967 se
833 1903 887 1967 vel
922 1902 1035 1981 alium,
1064 1903 1271 1968 ministrabit

219 2000 304 2085 [vel]
322 2001 432 2066 debite
448 2002 547 2067 faciet
563 2001 750 2067 ministrari.
797 2002 971 2068 Voluimus
986 2005 1100 2089 itaque
1116 2010 1151 2070 et
1166 2006 1269 2071 eciam

217 2102 455 2179 ordinavimus,
471 2102 560 2188 quod
584 2102 733 2168 sacerdos
755 2103 860 2189 ipsius
882 2103 1057 2183 (taulariae,
1081 2106 1141 2190 qui
1162 2110 1213 2169 est
1235 2110 1271 2169 et

218 2204 283 2267 erit
306 2204 531 2289 imposterum,
554 2202 676 2269 habeat
705 2204 911 2269 mansionem
942 2206 1032 2271 infra
1062 2212 1156 2294 septa
1186 2206 1270 2271 dicti

218 2301 414 2389 Hospitalis,
452 2304 541 2369 inter
580 2302 830 2391 [ln]firmariam
869 2311 904 2370 et
941 2328 1095 2393 magnam
1139 2312 1271 2392 portam

217 2403 366 2488 ejusdem
406 2404 600 2490 Hospitalis,
635 2404 706 2489 jam
744 2406 775 2469 ei
820 2406 1023 2492 assignatam
1069 2410 1158 2491 (cum
1204 2428 1273 2471 una

218 2527 348 2571 camera
379 2526 477 2593 super
509 2506 614 2593 ipsam
649 2512 779 2592 portam
814 2508 992 2593 aedificata)
1015 2510 1083 2591 anis
1105 2510 1272 2575 sumtibus

218 2607 377 2671 continue
408 2608 445 2671 in
467 2612 559 2672 statu
589 2607 702 2673 debito
726 2609 992 2675 conservandam.
1039 2610 1163 2676 Verum
1193 2611 1274 2696 quia

220 2713 296 2793 post
326 2710 431 2795 ipsam
448 2708 690 2773 ordinacionem
716 2710 872 2775 dominus
902 2716 1014 2776 noster
1036 2711 1274 2777 excellentissi-

221 2834 296 2875 mus
311 2810 473 2876 Dominus
497 2810 683 2875 Edwardus
706 2810 779 2875 Rex
802 2810 935 2898 Angliae
951 2819 985 2876 et
1008 2814 1157 2879 Franciae
1179 2812 1274 2877 illus·

223 2913 294 2989 tris,
324 2913 381 2998 qui
416 2934 505 2978 nunc
542 2918 601 2988 est,
637 2913 802 2996 quoddam
849 2914 1067 3000 messuagiam
1101 2936 1198 2979 suum
1237 2912 1274 2976 in

223 3015 360 3080 civitate
393 3012 629 3090 cantuariensi
664 3013 774 3091 situm,
815 3013 860 3078 Le
893 3013 1053 3099 Obauape
1090 3013 1276 3099 vulgariter

223 3122 460 3202 nuncupatum,
485 3115 520 3179 in
543 3136 663 3201 magna
690 3123 784 3200 parte
808 3119 955 3202 tempore
977 3116 1167 3182 donacionis
1190 3115 1276 3201 ejus·

223 3220 298 3283 dem
332 3217 547 3305 infrascriptae
584 3217 772 3301 collapsum,
806 3239 848 3281 ex
886 3219 943 3303 pia
980 3216 1182 3283 donacione1
1216 3237 1277 3280 sua

223 3321 366 3386 Domino
388 3320 523 3386 Thomae
546 3319 655 3404 Nywe
678 3320 719 3383 de
735 3317 879 3396 Wolton,
904 3340 993 3384 nunc
1011 3318 1172 3405 Magistro
1195 3317 1275 3382 dicti

224 3422 417 3509 Hospitalis,
439 3421 483 3487 ad
512 3421 692 3486 terminum
715 3421 787 3485 vita
818 3407 895 3498 suae,
918 3421 1076 3500 donavit3
1107 3421 1157 3484 ita
1188 3417 1273 3502 quod

224 3531 299 3612 post
328 3530 467 3589 mortem
499 3545 593 3588 suam
631 3524 740 3608 ipsum
777 3523 1000 3608 messuagium
1037 3520 1276 3588 successoribus

225 3629 303 3702 suia,
326 3626 496 3712 Magistris
519 3625 676 3690 videlicet
700 3624 886 3710 Hospitalis
909 3625 1070 3709 praedicti,
1092 3625 1277 3688 remaneret

225 3731 477 3815 imperpetuum,
499 3729 535 3791 in
566 3727 729 3791 auxilium
759 3727 1014 3793 sustentacionis
1037 3726 1137 3790 unius
1161 3723 1277 3810 Capel-

225 3831 295 3896 lani
317 3829 478 3917 perpetui,
502 3828 618 3893 divina
647 3827 845 3894 celebraturi
867 3828 905 3891 in
927 3826 1097 3913 Hospitali
1119 3825 1276 3912 praedicto

226 3954 286 4020 pro
310 3929 434 3996 salubri
457 3932 548 3994 statu
572 3929 676 4015 ipsius
698 3927 835 3993 Domini
859 3927 959 4014 Regis
982 3927 1062 3992 dum
1085 3925 1219 4001 vixerit,
1242 3929 1277 3988 et

226 4035 339 4101 anima
375 4030 551 4097 carissimae
589 4029 705 4093 matris
743 4049 810 4092 suae
845 4026 996 4094 Isabellee
1034 4027 1210 4106 defunctae,
1243 4029 1278 4090 et

227 4137 338 4202 anima
360 4133 465 4220 ipsius
489 4132 611 4196 Domni
635 4131 734 4216 Regis
764 4151 840 4196 cum
862 4130 906 4194 ab
928 4129 989 4194 hac
1012 4129 1084 4196 luce
1115 4130 1278 4215 migrave-

228 4240 281 4313 rit,
313 4235 426 4302 anima
459 4234 562 4300 eciam
595 4232 731 4297 Domini
754 4231 919 4297 Johannis
951 4238 1021 4295 atte
1053 4231 1118 4296 Lea
1150 4231 1209 4316 qui
1243 4229 1279 4292 in

228 4343 322 4425 parte
345 4335 478 4402 dotavit
509 4335 632 4399 dictam
649 4333 851 4409 (tantadem,
874 4354 913 4398 ac
935 4331 1109 4397 animabus
1131 4331 1280 4397 omnium

230 4439 378 4505 fidelium
416 4436 656 4510 defunctorum,
689 4440 789 4522 prout
826 4435 862 4498 in
900 4440 992 4500 carta
1028 4434 1110 4500 dicti
1145 4433 1280 4497 Domini

232 4541 338 4607 nostri
360 4539 463 4626 Regis
493 4538 590 4624 plene
612 4537 757 4602 vidimus
780 4536 961 4616 contineri;
993 4557 1031 4602 ac
1053 4558 1112 4623 per
1145 4535 1281 4620 inquisi-

232 4646 359 4711 cionem
382 4646 417 4708 et
438 4641 706 4707 informacionem
722 4640 963 4726 fidedignorum
986 4639 1179 4724 accepimus,
1195 4635 1283 4722 quod

655 4853 663 4886 ¹
683 4851 840 4903 devocione?

327 4945 351 4999 u
386 4949 476 4998 secer.
1131 4932 1154 4980 R
