3350 5800
429 836 494 902 838
889 847 1022 896 urrann

429 1032 581 1120 sepulcri,
605 1032 676 1098 sive
699 1033 907 1098 monumenti
940 1031 1101 1118 praedicti,
1123 1036 1158 1096 et
1179 1051 1241 1116 pro
1264 1027 1371 1115 ipsius
1393 1047 1484 1092 reve·

433 1135 622 1200 rendissimi
653 1135 758 1220 patris
795 1134 940 1221 eorporis
969 1135 1041 1200 sive
1079 1133 1250 1199 cadaveris
1281 1130 1485 1204 humatione,

430 1255 468 1301 ec
506 1237 622 1303 ceteris
660 1237 839 1324 praemissis
876 1259 933 1302 seu
971 1237 1083 1322 aliquo
1119 1235 1375 1321 praemissorum,
1408 1236 1485 1318 post

431 1360 527 1403 suum
550 1339 689 1416 obitum,
713 1339 761 1416 lis,
784 1341 1018 1415 controversia,
1032 1359 1092 1403 seu
1114 1336 1282 1402 dubitatio
1306 1335 1484 1410 internos,

432 1441 589 1528 praeiatos
606 1441 751 1506 Priorem
775 1449 811 1507 ct
825 1441 1028 1528 Capitulum,
1043 1447 1104 1506 aut
1125 1460 1325 1506 successores
1347 1442 1484 1513 nostros,

431 1565 470 1609 ac
499 1545 604 1630 ipsius
627 1543 874 1630 Archiepiscopi
906 1548 1105 1619 executores,
1128 1542 1200 1607 sive
1224 1541 1268 1605 ad
1297 1539 1359 1605 hoc
1381 1539 1484 1625 ussig-

432 1649 528 1710 natos
551 1651 585 1710 et
608 1645 784 1731 deputatos
807 1649 869 1710 aut
899 1666 1122 1731 quoscumque
1145 1643 1228 1709 ulios
1259 1642 1483 1728 quovismodo,

432 1747 510 1811 oriri
527 1747 682 1832 potuerit,
698 1751 758 1812 aut
774 1746 920 1812 moveri:
942 1746 1064 1812 Sciatis
1079 1767 1148 1822 nos,
1163 1744 1321 1831 praefatos
1338 1743 1485 1808 Priorem

433 1856 468 1913 et
503 1848 706 1935 Capitulum,
744 1849 781 1915 in
815 1849 924 1914 Domo
963 1853 1077 1914 nostra
1114 1847 1301 1934 capitulari
1338 1845 1383 1910 ed
1422 1845 1484 1910 hoc

432 1949 617 2036 specialiter
649 1957 683 2016 et
721 1951 951 2037 capitulariter
984 1954 1208 2036 congregatos,
1239 1952 1371 2013 matura
1401 1967 1484 2032 pree

433 2050 549 2116 habita
586 2071 684 2138 super
721 2050 782 2116 hoc
829 2050 1079 2128 deliberatione,
1118 2051 1216 2136 pium,
1253 2053 1412 2125 sanctum,
1449 2053 1486 2112 et

433 2153 587 2216 devotam
626 2152 730 2238 ipsius
775 2152 1042 2217 reverendissimi
1083 2151 1188 2238 patris
1232 2150 1269 2215 in
1309 2151 1487 2235 praemissis

433 2253 654 2318 intentionem
678 2253 851 2318 effectione
875 2253 971 2318 filiali
994 2253 1228 2330 desiderantes,
1251 2252 1486 2338 cupientesque

433 2355 514 2420 dicti
544 2355 811 2420 reverendissimi
846 2356 952 2440 patris
981 2355 1084 2442 pium,
1114 2360 1332 2438 sanctumque
1368 2374 1487 2440 propo

433 2457 535 2520 situm
582 2455 618 2519 in
665 2457 819 2521 omnibus
865 2457 1063 2543 perimpleri,
1106 2461 1142 2520 et
1186 2455 1336 2520 debitum
1374 2454 1487 2519 sortiri

434 2559 551 2624 debere
583 2559 754 2638 effeetum3
779 2559 931 2625 unanimi
961 2580 1122 2625 consensu
1151 2564 1186 2624 et
1216 2579 1360 2634 assensu,
1383 2579 1488 2642 quan-

435 2667 507 2724 tum
541 2660 576 2724 in
607 2659 705 2725 nobis
734 2666 795 2738 est,
825 2662 1019 2727 concessisse
1050 2667 1085 2726 et
1115 2661 1331 2737 confirmasse,
1361 2681 1401 2725 uc
1429 2681 1489 2746 per

434 2767 623 2848 presentes,
664 2785 723 2849 pro
768 2762 864 2829 uobis
903 2770 939 2829 et
979 2763 1218 2830 successoribus
1257 2763 1390 2839 nostris,
1428 2783 1488 2848 pro

436 2870 593 2950 perpetuo
626 2865 836 2931 concedimus
869 2870 905 2930 et
935 2867 1177 2943 confirmamus,
1199 2865 1304 2929 eidem
1337 2885 1490 2929 reveren·

435 2966 569 3032 ‹lissimo
600 2966 688 3051 patri
715 2964 883 3031 Willelmo
905 2966 1169 3054 Archiepisoopo,
1201 2966 1394 3032 electionem
1418 2967 1491 3044 loci,

435 3075 470 3132 et
492 3068 598 3133 locum
623 3068 801 3153 sepulturus
824 3090 893 3135 suae
916 3069 1094 3155 praedictae,
1114 3091 1173 3156 per
1195 3069 1336 3134 eundem
1358 3069 1397 3132 in
1418 3069 1489 3134 loco

434 3170 590 3256 praedicto
622 3168 726 3235 eleeto
749 3174 783 3235 et
815 3170 992 3258 assignate,
1015 3193 1089 3237 curn
1120 3171 1254 3257 capelle,
1278 3171 1433 3248 oratorio,
1455 3176 1491 3236 et

434 3272 541 3350 altari,
582 3277 622 3337 ut
667 3272 853 3359 praefertur,
892 3276 1019 3352 erectis,
1056 3274 1262 3351 constructis,
1307 3274 1490 3351 adflatis,

435 3380 469 3439 et
519 3374 689 3450 dedicatis,
728 3374 905 3459 omniaque
954 3381 989 3440 et
1037 3376 1170 3464 singula
1206 3398 1265 3462 per
1311 3374 1490 3461 praefatum

433 3476 745 3540 reverendissimum
781 3482 919 3561 petrem,
941 3478 1039 3543 modo
1062 3483 1097 3542 et
1129 3478 1235 3543 forms
1257 3477 1410 3563 superius
1434 3500 1490 3542 cx-

435 3576 591 3663 pressstis
625 3576 721 3655 facta,
758 3576 941 3644 ratificasse
978 3585 1013 3643 et
1050 3580 1258 3665 approbasse,
1292 3584 1394 3665 prout
1431 3600 1490 3665 pro

434 3683 593 3765 perpetuo
626 3677 828 3743 ratificamus
865 3685 900 3745 et
936 3680 1157 3766 approbamus
1195 3703 1255 3768 per
1292 3685 1490 3767 praesentem

433 3800 562 3849 necnon
584 3780 789 3859 concessisse,
810 3791 846 3847 et
868 3803 928 3867 per
949 3787 1127 3868 praesentes
1148 3804 1208 3869 pro
1231 3787 1390 3869 perpetuo
1411 3804 1490 3849 con-

434 3881 590 3957 cedimus,
615 3882 711 3947 nobis
734 3886 768 3946 ct
792 3884 1032 3949 successoribus
1055 3885 1186 3962 nostris,
1210 3885 1299 3970 quod
1321 3886 1491 3971 quamcito

434 4004 551 4069 corpus
574 3984 644 4048 sive
667 3984 809 4050 cadaver
831 3986 964 4071 praeiati
979 3987 1246 4052 reverendissimi
1268 3988 1383 4073 patris,
1399 3994 1491 4074 post-

435 4108 535 4172 quam
558 4086 601 4150 ab
624 4086 685 4152 hac
707 4086 779 4153 luce
810 4088 1015 4174 migraverit,
1037 4088 1082 4154 ad
1105 4090 1282 4155 Ecclesiam
1304 4110 1400 4155 suam
1423 4112 1492 4157 me·

434 4185 657 4272 tropoliticam
690 4187 885 4271 praedictum
916 4188 1065 4254 delatum
1097 4189 1210 4270 fuerit,
1235 4211 1303 4267 nos,
1329 4190 1423 4255 Prior
1456 4197 1492 4258 et

436 4288 630 4355 Conventus
663 4288 816 4355 Ecclesiae
851 4296 1041 4357 memoratas
1073 4297 1108 4358 et
1145 4314 1344 4359 successores
1384 4294 1492 4359 nostri

436 4390 494 4477 qui
517 4410 577 4475 pro
600 4394 747 4475 tempore
770 4390 904 4470 fuerint,
921 4393 1114 4479 hujusmodi
1129 4414 1247 4481 corpus
1262 4395 1333 4459 sive
1348 4395 1493 4461 cadaver

435 4496 626 4559 reverenter
659 4496 693 4556 et
726 4490 914 4573 honorifice,
938 4516 1013 4561 cum
1035 4496 1241 4582 processione
1271 4495 1410 4575 solenni,
1433 4497 1492 4562 sd-

436 4594 609 4661 mittemns
643 4598 677 4659 et
708 4592 900 4675 admittent,
923 4598 1139 4685 suscipiemus
1173 4605 1207 4664 et
1239 4599 1493 4685 suscipientes

437 4696 529 4777 illud,
553 4700 652 4783 prout
682 4696 783 4763 moris
815 4704 874 4776 est,
897 4701 1019 4787 suscipi
1053 4706 1089 4768 et
1120 4700 1240 4768 deferri
1274 4700 1435 4769 faciemus
1457 4708 1493 4769 et
