3350 5800
389 872 432 939 74
829 887 966 936 manen

385 1075 602 1164 spiritualem,
640 1078 810 1160 parentem
848 1073 1164 1161 conjunctissimum,
1194 1075 1439 1141 benefactorem

386 1182 427 1243 ut
447 1178 498 1243 ita
520 1178 667 1243 dieamus
689 1178 924 1264 gratissimum,
941 1178 1000 1263 qui
1021 1177 1117 1262 quasi
1127 1178 1273 1244 animam
1289 1183 1439 1243 nostram

386 1302 445 1366 pro
468 1300 581 1345 eorum
609 1279 804 1345 salvationis
827 1278 1022 1365 compendio
1050 1280 1272 1365 exposuimus,
1286 1280 1438 1343 funestas

385 1403 503 1446 manus
535 1381 715 1447 immittere
746 1402 814 1447 non
837 1386 917 1447 sunt
951 1380 1060 1458 veriti,
1084 1384 1179 1447 tanto
1209 1381 1438 1447 miraculosius

386 1505 446 1547 noa
468 1483 532 1549 Dei
568 1484 674 1569 patris
704 1482 919 1568 providencia
952 1487 1108 1567 potenter
1142 1486 1178 1547 et
1208 1488 1362 1568 patenter
1393 1482 1437 1547 ab

389 1606 503 1651 eorum
524 1584 676 1651 faucibus
699 1583 869 1649 liberaret.
914 1583 1066 1650 Dicimus
1088 1584 1206 1670 utique
1233 1606 1309 1650 cum
1332 1582 1438 1649 Paulo

386 1687 510 1753 fuimus
555 1687 592 1751 in
636 1686 792 1773 periculis
830 1686 941 1763 meris,
977 1685 1119 1763 itineris,
1156 1692 1190 1752 et
1227 1686 1438 1763 solitudinis;

387 1788 522 1855 Scillsm
556 1788 721 1853 evasimus
754 1788 791 1852 in
826 1786 999 1852 Caribdim
1029 1786 1223 1868 incidimua3
1247 1788 1439 1853 Sirenarum

387 1911 482 1956 voces
504 1890 693 1955 audivimus
715 1910 776 1953 nec
799 1889 890 1975 passi
912 1909 1029 1951 sumus
1051 1888 1265 1976 naufragium
1277 1911 1286 1968 ;
1308 1888 1438 1953 Ydram

387 1991 608 2070 extinximus3
640 1989 868 2055 Tricerberum
902 1989 1145 2074 oppressimus;
1179 1998 1215 2056 et
1242 1991 1322 2077 jam,
1347 1988 1439 2075 quod

386 2092 539 2160 omnibus
585 2091 729 2156 deterius
767 2099 826 2169 est,
861 2089 1045 2176 periculum
1075 2091 1113 2153 in
1150 2091 1244 2159 falsis
1278 2091 1438 2157 iratribus

387 2195 543 2261 vacuavit
555 2193 797 2279 omnipotencia
814 2192 879 2258 Dei
895 2191 1015 2258 Patris.
1061 2192 1137 2258 Hoc
1153 2194 1318 2279 siquidem
1331 2212 1438 2280 genus

387 2296 515 2363 sceleris
538 2294 743 2361 detestabilis
765 2316 833 2359 non
855 2294 967 2380 potuit
989 2292 1105 2357 divina
1120 2295 1271 2379 potentia
1292 2296 1351 2361 diu
1365 2296 1439 2359 sine

387 2397 537 2463 vindicta
559 2396 764 2483 impunitum
786 2396 983 2479 relinquere,
999 2394 1057 2457 sed
1080 2395 1152 2461 sine
1173 2419 1275 2464 morae
1290 2398 1438 2485 diffirgio,

387 2498 530 2564 mentale
545 2499 768 2584 parricidium,
782 2498 972 2583 foetidaeque
987 2496 1240 2583 ingratitudinis
1262 2500 1439 2586 piaculum,

387 2606 499 2671 subita
521 2605 753 2670 maledictione
776 2603 948 2689 percussit,
971 2602 1127 2687 ipsosque
1142 2606 1272 2671 sceleris
1287 2611 1438 2671 auctores

387 2714 426 2772 ut
461 2707 667 2792 designemus
699 2706 736 2769 in
769 2705 885 2791 specie,
909 2703 1056 2769 Comites
1080 2704 1218 2774 Kanciae
1241 2714 1277 2773 et
1309 2708 1438 2785 Sarum,

386 2809 545 2876 Dominus
583 2806 797 2893 Radulphum
835 2805 984 2891 Lomley,
1030 2804 1192 2875 Thomam
1230 2811 1364 2888 Blount,
1402 2814 1439 2873 et

387 2911 605 2977 Benedictum
629 2909 721 2996 Cely,
744 2931 782 2974 ac
805 2909 887 2974 alios
910 2911 1027 2972 sancta
1041 2912 1221 2991 rusticitas,
1237 2935 1312 2999 quae
1326 2912 1439 2978 omnia

386 3013 496 3100 palam
530 3011 619 3088 facit,
653 3011 742 3095 apud
771 3007 1058 3094 Cire(n)oestriam
1090 3013 1356 3099 comprehendit3
1377 3034 1438 3080 neu

385 3115 492 3180 solum
529 3111 788 3198 comprehendit,
820 3113 888 3190 sed,
911 3133 954 3176 ne
984 3109 1071 3175 forte
1102 3116 1357 3201 supervenirent
1380 3115 1439 3201 qui

386 3215 557 3303 potuerint
601 3213 792 3297 hujusmodi
846 3214 998 3300 captivos
1053 3216 1240 3304 [mani]bus
1291 3219 1438 3303 ipsorum

387 3319 535 3408 eripere,
558 3315 663 3382 dictos
701 3314 847 3380 Comites
885 3322 920 3380 et
957 3318 1170 3404 Radulphum
1208 3319 1347 3405 Lomley
1380 3319 1438 3383 de-

386 3417 557 3505 capitavit,
595 3417 742 3482 residuos
797 3417 934 3482 Domini
988 3420 1098 3485 nostri
1155 3418 1258 3506 Regis
1300 3419 1437 3504 judiciis

386 3517 609 3596 reservando;
646 3516 802 3602 aliosque,
825 3519 920 3602 quasi
943 3540 964 3582 a
985 3519 1069 3606 facie
1099 3520 1164 3585 Dei
1187 3543 1285 3607 super
1315 3527 1439 3586 terram

387 3623 549 3709 profugos,
560 3619 674 3684 taliter
690 3667 698 3684 .
724 3668 731 3683 .
756 3670 763 3685 .
779 3620 886 3684 scavit
901 3621 991 3705 quod
1008 3622 1173 3688 Comitem
1189 3624 1437 3710 Huntyngdon,

387 3725 568 3790 Dominum
579 3720 739 3785 Thomam
755 3719 917 3806 Schelley,
929 3727 963 3786 et
978 3722 1091 3810 plures
1105 3723 1188 3790 alios
1202 3724 1240 3788 in
1257 3724 1397 3791 Essexia
1404 3730 1440 3791 et

388 3824 511 3892 Caucis
532 3823 680 3909 captivos
705 3823 841 3886 detenet
863 3822 915 3887 vis
933 3825 1062 3912 regalis
1108 3825 1282 3912 Recipient
1304 3827 1439 3913 utrique

386 3926 568 3992 mercedem
591 3945 724 3989 suorum
748 3923 907 4000 laborum,
923 3930 957 3991 et
980 3927 1105 3993 vindex
1128 3928 1287 3992 severitas
1307 3928 1440 4013 iniquos

386 4029 513 4094 animos
551 4025 713 4114 agitabit3
760 4045 820 4090 nec
857 4034 997 4111 possunt
1034 4028 1100 4092 Dei
1135 4029 1282 4094 viventis
1320 4051 1439 4096 manus

386 4131 524 4196 evadere
546 4129 605 4213 qui
626 4149 694 4192 non
716 4132 796 4192 sunt
811 4127 912 4193 veriti
933 4133 1067 4194 tantum
1089 4129 1219 4196 facinus
1241 4137 1437 4217 perpetrare.

386 4233 454 4298 Vos
476 4232 580 4319 igitur
610 4229 704 4294 filioli
739 4236 773 4294 et
807 4229 988 4296 confratres
1021 4233 1088 4297 mei
1108 4232 1334 4310 dilectissimi,
1357 4255 1439 4318 quo-

386 4359 461 4404 rum
498 4334 661 4400 fervorem
698 4338 733 4397 et
770 4333 936 4399 internam
975 4334 1161 4400 dilectionis
1198 4335 1438 4421 gratitudinem

386 4439 506 4526 saepius
530 4435 659 4522 experti
681 4433 812 4511 fuimus,
828 4456 866 4502 ac
881 4435 989 4500 indies
1004 4437 1194 4521 experimur
1203 4457 1211 4516 ;
1234 4437 1293 4522 qui
1308 4443 1438 4504 nostros

385 4559 542 4606 moerores
564 4540 693 4601 vestros
716 4533 856 4610 efficitis,
881 4538 938 4621 qui
962 4543 1093 4602 nostros
1120 4536 1248 4602 dolores
1282 4537 1377 4603 fertis
1400 4540 1437 4603 in

385 4641 504 4708 vestris
527 4637 718 4724 corporibus
730 4656 738 4716 ;
770 4636 859 4701 sicut
892 4638 973 4704 socii
997 4639 1078 4704 eatis
1100 4637 1263 4724 passionis
1285 4638 1336 4705 ita
1359 4661 1436 4705 con·

384 4745 584 4812 solutionum
607 4742 712 4804 estote
734 4737 933 4824 participes3
966 4740 1293 4826 omnipotentemque
1328 4738 1437 4810 Deum
