3350 5800
402 923 466 988 356
827 933 1013 985 arrasum.

233 1129 383 1180 hasuorisbt
406 1123 431 1177 si
457 1139 530 1194 opus
559 1125 613 1187 est,
645 1139 698 1192 pro
722 1121 834 1175 viribus
859 1121 1004 1175 auxiliari.
1042 1120 1183 1190 Quotiens
1207 1128 1308 1178 autem
1339 1123 1411 1192 ipse,
1441 1136 1461 1174 a

233 1183 360 1277 ,fflffn
406 1207 493 1262 vobis
508 1207 667 1261 acaemitus
684 1206 730 1260 vel
748 1205 1012 1277 Archiepiscopum
1039 1206 1205 1272 comitatus,
1223 1209 1286 1262 sive
1311 1207 1344 1261 in
1369 1205 1461 1260 Goene

233 1281 387 1326 ⁰⁰¹⁰⁸⁸¹¹⁰b⁰
407 1291 527 1346 Domini
554 1291 616 1344 sive
641 1288 707 1344 aliis
732 1288 905 1360 opportunis
928 1290 1119 1360 temporibus,
1137 1291 1169 1344 in
1192 1296 1325 1345 vestrum
1347 1288 1464 1343 venerit
1542 1333 1552 1348 .

233 1333 356 1426 griffo?
408 1373 588 1444 Capitulum,
617 1389 696 1428 more
726 1371 973 1444 predecessorum
1002 1390 1131 1436 suorum,
1163 1372 1310 1436 Asketini,
1339 1372 1462 1434 scilieet,

232 1433 364 1527 ἷζῖξῖξῖῑῗζ
407 1457 558 1520 Willelmi,
578 1460 608 1510 et
625 1454 774 1518 Helewisi,
795 1453 846 1526 qui
864 1455 947 1511 nobis
965 1461 1185 1526 praecesserunt,
1205 1473 1321 1528 semper
1339 1455 1371 1509 in
1396 1471 1463 1524 sup·

407 1539 537 1611 pedaneo
563 1537 639 1593 sodis
665 1537 888 1608 Archlepiscopi
917 1537 1035 1603 sedeat;
1062 1557 1126 1602 nec,
1146 1539 1297 1594 occasione
1328 1538 1382 1592 bac
1413 1536 1462 1598 rel

406 1623 475 1686 ulia,
495 1623 525 1676 iu
545 1621 680 1693 capitulo
705 1625 805 1676 vestro
820 1619 898 1690 juris
926 1622 1078 1693 quippiam
1097 1639 1127 1676 se
1154 1622 1261 1678 habere
1282 1618 1462 1676 arbitretur.¹

407 1707 440 1762 Si
458 1705 523 1776 quis
541 1707 643 1776 igitur,
663 1704 738 1760 hanc
757 1710 886 1760 nostram
906 1703 1002 1760 sciens
1020 1703 1246 1770 institutionem,
1267 1704 1294 1760 ei
1313 1704 1345 1759 in
1362 1702 1461 1774 aliquo

405 1789 524 1844 obviare
552 1793 672 1843 cenabis
697 1787 798 1851 luerit,
818 1789 975 1843 anathema
1001 1788 1050 1844 sit.
1099 1790 1227 1845 Servitia
1257 1806 1371 1860 quoque
1397 1786 1458 1852 illa,

405 1871 515 1928 uostris
533 1877 649 1928 tantum
676 1870 856 1942 temporibus
875 1872 1020 1936 inchoata,
1041 1879 1072 1928 et
1095 1873 1180 1929 nobis
1197 1890 1256 1928 non
1274 1872 1393 1945 dejure
1412 1871 1461 1925 rel

407 1955 616 2012 consuetudine
636 1954 686 2009 sed
714 1953 751 2008 ob
776 1971 907 2009 amorem
926 1953 1029 2020 nostri,
1050 1955 1147 2010 mutui
1165 1956 1264 2025 gratia
1280 1943 1421 2018 benefimi,
1441 1971 1460 2007 s

406 2039 489 2094 vobis
507 2038 645 2103 exhibita,
664 2055 702 2090 ne
730 2036 761 2090 in
789 2036 1029 2092 consuetudinem
1055 2044 1219 2102 vertantur,
1244 2037 1370 2091 ulterius
1394 2035 1460 2090 fieri

406 2121 608 2176 interdicimus
627 2126 657 2174 et
674 2121 705 2174 in
724 2125 901 2190 perpetuum
914 2137 1100 2184 amovemus;
1121 2119 1267 2184 videlicet,
1284 2137 1321 2174 ne
1339 2119 1458 2173 domum

407 2203 626 2274 Archiepiscopi
651 2202 780 2272 aliquam
806 2202 927 2274 plumbo
954 2204 1001 2257 vel
1026 2201 1143 2257 aliunde
1171 2204 1289 2272 tegatis,
1308 2209 1360 2257 aut
1380 2201 1459 2272 quic·

406 2285 476 2358 quid
495 2285 709 2340 intromittatis.
756 2285 853 2355 Turpe
871 2285 981 2339 etenim
999 2283 1080 2340 dictu
1100 2291 1129 2340 et
1147 2285 1259 2349 auditu,
1273 2284 1361 2339 etiam
1379 2301 1460 2337 rere·

406 2372 544 2434 cundum,
565 2369 642 2441 quod
670 2370 731 2424 Deo
758 2369 856 2424 dicata
880 2368 1042 2424 liberalitas
1070 2370 1196 2424 filiorum
1226 2369 1344 2425 servilia
1360 2367 1460 2438 hujus·

408 2454 487 2510 modi
514 2455 610 2510 faeere
635 2453 758 2516 debeat;
785 2469 853 2508 oum
877 2470 937 2508 uon
956 2452 1125 2509 Conventus
1148 2451 1385 2524 Archiepiscopis
1409 2451 1460 2505 sed

406 2537 626 2608 Archiepisoopi
652 2535 818 2592 Conventui
844 2540 875 2591 et
901 2536 1026 2592 aedificia
1051 2541 1219 2593 construere
1245 2545 1276 2592 et
1302 2537 1379 2591 bona
1404 2535 1461 2588 slis

406 2622 500 2678 multe
518 2623 660 2685 conferre,
681 2635 714 2674 ue
732 2619 802 2675 boni
820 2625 919 2689 patres
945 2637 1045 2676 amore
1066 2619 1149 2676 ducti
1166 2620 1304 2684 filiorum,
1324 2635 1343 2672 a
1359 2617 1460 2689 priscis

406 2705 587 2774 temporibus
605 2701 817 2760 consueverint.
855 2702 970 2758 Valete.

261 2916 369 2970 (anot)
409 2910 572 2968 7.-Ossrs
592 2910 759 2967 Conversus
777 2928 815 2967 os
842 2926 974 2967 sccnusrs
992 2928 1026 2967 ur
1052 2928 1145 2967 rsass
1163 2913 1276 2967 Euesru
1302 2926 1462 2968 messurus

694 3010 774 3061 orsu
793 3010 879 3051 nsum
895 2995 1039 3051 lloctssmr
1058 2996 1186 3052 Osann.

235 3180 397 3239 onsffllpm
445 3128 617 3197 W(ibertus)
644 3126 728 3183 Prior
746 3134 776 3184 et
805 3134 885 3184 totus
911 3128 1079 3185 Conventus
1105 3127 1243 3184 Ecclesiae
1262 3127 1373 3184 Christi
1390 3126 1462 3185 Gan.

234 3233 383 3323 priostum
410 3212 513 3269 tuariae
542 3212 675 3267 omnibus
701 3210 847 3277 fidelibus,
867 3212 1001 3267 salutem.
1038 3212 1236 3269 Praesentibus
1257 3211 1365 3268 litteris
1382 3213 1463 3268 vobis

235 3280 365 3374 tgstfflurcb
410 3296 618 3365 significamus,
633 3313 687 3349 nos
705 3295 829 3367 AElgsro
848 3295 1010 3366 presbitero
1037 3297 1253 3359 monachatum,
1273 3295 1391 3367 quando
1408 3295 1463 3352 sibi

235 3382 370 3441 Movsasteu
411 3378 563 3449 placuerit,
591 3377 774 3433 concessisse.
820 3378 889 3448 Ipse
915 3395 986 3433 vero
1016 3378 1156 3448 AElgarus
1186 3378 1340 3434 ecclesiam
1369 3394 1460 3441 suam,

235 3432 305 3524 2512?
310 3432 364 3523 {¹37
366 3442 392 3481 η
411 3462 447 3519 de
465 3480 523 3535 qua
540 3460 664 3533 singulis
682 3460 766 3515 annis
794 3461 901 3517 solidos
928 3462 1056 3532 quinque
1073 3461 1204 3517 habituri
1221 3480 1331 3525 sumus,
1351 3462 1382 3515 in
1400 3478 1464 3531 per·

234 3532 317 3625 ffligff
326 3543 364 3625 ’ἢ
373 3583 393 3625 is
411 3551 532 3615 potuum
566 3544 650 3599 nobis
680 3543 832 3599 concessit.
882 3544 975 3613 Quam
1005 3544 1157 3599 ecclesiam
1187 3562 1240 3599 nos
1270 3544 1374 3615 Helyae
1404 3543 1463 3598 tilio

236 3633 364 3684 stipulatae
410 3627 541 3697 eiusdem
560 3628 677 3698 AElgari
696 3634 725 3683 et
750 3628 831 3683 A..
857 3670 862 3681 .
886 3669 920 3682 ..
946 3634 1071 3698 cognato
1096 3628 1198 3699 ipsius,
1217 3627 1358 3699 quamdiu
1385 3628 1462 3683 vixe-

232 3684 396 3777 gpfflssnffi
409 3712 479 3777 rint,
499 3730 552 3782 pro
570 3710 778 3782 praedictorum
796 3710 925 3782 quinque
942 3710 1102 3767 solidorum
1121 3710 1239 3767 redditu
1256 3710 1382 3766 tirmiter
1398 3728 1462 3765 oon·

235 3784 383 3885 fflffiffl
409 3794 559 3861 cedimus;
578 3793 631 3848 sed
656 3792 822 3865 quicunque
848 3792 880 3846 in
905 3810 1013 3862 genere
1031 3794 1149 3865 AElgari
1167 3792 1360 3864 propinquior
1377 3792 1464 3847 suerit

235 3885 395 3945 tluyicarage,
408 3884 473 3947 post
490 3877 603 3931 obitum
623 3876 727 3946 Helyse
747 3880 777 3929 et
801 3874 830 3929 A
850 3918 856 3929 .
878 3918 883 3929 .
905 3918 911 3929 .
933 3917 938 3928 .
960 3874 1061 3930 eodem
1086 3876 1173 3931 modo
1200 3876 1355 3946 praefatsm
1374 3876 1462 3930 00010.

232 3946 363 4033 ffiffissn.
409 3961 491 4023 siam,
513 3960 548 4016 de
568 3964 688 4030 parente
716 3960 747 4013 in
765 3966 927 4030 parentem,
946 3966 1047 4014 tenere
1066 3960 1161 4024 debet,
1182 3958 1208 4013 si
1225 3965 1325 4014 tamen
1343 3958 1464 4014 eeclesia

233 4036 395 4130 ffisfflm
409 4042 516 4112 dignus
534 4042 631 4096 suerit.
669 4040 799 4109 Quodsi
826 4041 975 4113 indignus,
995 4049 1065 4098 tunc
1090 4040 1200 4097 muniri
1219 4041 1395 4097 deecclesia
1412 4041 1463 4095 illa

236 4137 355 4197 baiurphe
408 4126 568 4181 utilitatem
582 4126 800 4181 Cuntueriensis
814 4126 953 4181 Ecclesiae
966 4126 1036 4181 alibi
1055 4126 1106 4183 ubi
1123 4125 1261 4182 canonice
1274 4126 1338 4182 fieri
1356 4126 1463 4197 poterit

235 4188 379 4281 ffiffir.
409 4210 557 4265 sociemus.
602 4209 764 4264 Praedictus
791 4209 880 4264 etiam
909 4210 1048 4282 AElgarus
1073 4210 1219 4279 presbiter
1236 4208 1363 4266 contulit
1380 4209 1462 4265 nobis

231 4288 384 4391 ‘ffikssgff
410 4302 518 4350 temam
549 4312 647 4358 uuam,
679 4312 744 4365 quse
770 4312 823 4364 per
850 4294 981 4364 singulos
1007 4312 1099 4349 annos
1124 4300 1190 4350 octo
1215 4294 1323 4349 solidos
1341 4294 1459 4360 reddit3

231 4390 315 4437 orders
408 4386 517 4435 terrem
537 4378 650 4432 scilicet
668 4378 749 4432 illam
770 4394 857 4447 quam
877 4377 913 4432 de
939 4378 1002 4448 ipso
1019 4377 1157 4434 Wariuus
1176 4378 1211 4434 de
1234 4378 1340 4434 Ferere
1359 4376 1460 4443 tenuit,

232 4440 387 4534 ffisstssffi‘
407 4446 446 4519 ut·
460 4480 536 4528 eam,
555 4480 588 4516 co
607 4460 692 4517 modo
711 4460 860 4526 danobis,
880 4468 985 4527 teneat,
1006 4480 1063 4533 quo
1082 4461 1118 4517 da
1137 4461 1200 4533 ipso
1218 4462 1348 4517 tenuisse
1367 4460 1461 4517 diuos·

233 4540 357 4641 mm
409 4546 495 4602 citur.
532 4544 646 4601 Valete.

233 4640 364 4691 pciutment

232 4692 394 4785 gfflbffiffie
442 4704 506 4753 ¹Al
520 4704 563 4753 the
581 4706 640 4753 date
660 4702 747 4767 Roger
765 4702 906 4753 tbeAroh-
956 4706 1079 4755 mouutic
1097 4704 1210 4769 Chapter
1227 4706 1262 4771 by
1281 4704 1351 4771 right
1375 4704 1403 4755 of
1421 4704 1460 4753 bis

233 4790 372 4841 monastery.
407 4785 512 4841 descen,
531 4782 678 4831 afterwards
698 4782 860 4846 Archblshop
880 4782 910 4831 of
957 4785 1037 4832 office.

406 4862 487 4919 York,
500 4876 551 4910 was
571 4859 692 4925 claiming
709 4875 725 4907 a
744 4866 797 4909 seat
816 4860 844 4907 iu
863 4860 908 4913 the
