3350 5800
412 859 476 924 228
868 873 1002 923 ursus

408 1059 495 1144 quod
525 1079 683 1123 numerus
724 1059 817 1122 inst
857 1078 918 1143 pro
948 1057 1099 1142 quolibet
1128 1058 1291 1123 comitutu
1321 1080 1359 1123 ue
1401 1080 1466 1143 pro

407 1160 497 1226 dioto
527 1160 719 1246 episcopatu
750 1159 785 1223 in
817 1158 924 1224 forme
962 1159 1120 1244 praediets
1147 1164 1397 1246 appunetuatus
1428 1168 1466 1224 et

407 1260 594 1349 assignatus
624 1260 759 1324 omuino
789 1259 975 1338 hsbestur3
999 1267 1035 1325 et
1065 1260 1154 1345 quod
1183 1260 1290 1326 Maior
1320 1266 1355 1325 et
1382 1261 1463 1325 Bel·

407 1362 495 1427 livus
525 1363 561 1427 iu
591 1360 715 1427 talibus
745 1362 941 1427 civitatibus
971 1368 1008 1427 et
1038 1362 1154 1449 burgis
1194 1364 1253 1427 ubi
1287 1363 1395 1428 Maior
1425 1370 1464 1427 et

303 1494 307 1503 ·
408 1462 530 1528 Bullivi
574 1468 661 1540 suut,
691 1464 745 1529 vel
790 1464 890 1530 aliter
935 1464 1061 1529 Bellivi
1101 1465 1161 1529 ubi
1200 1466 1315 1531 nullus
1350 1466 1462 1531 Maior

407 1566 532 1642 existit,
577 1586 615 1631 ao
656 1564 933 1631 Goustsbulsrius
978 1568 1013 1631 in
1056 1566 1181 1632 talibus
1225 1568 1352 1633 villatis
1398 1568 1459 1633 ubi

407 1666 681 1735 constabularius
726 1674 787 1743 est,
818 1689 857 1733 se
902 1666 1004 1732 etiam
1057 1668 1184 1732 domini
1222 1668 1380 1734 villarum
1421 1674 1458 1734 et

406 1770 547 1837 eliorum
584 1770 729 1836 locorum
759 1768 817 1833 ubi
859 1768 972 1833 nullus
1006 1768 1273 1836 constabularius
1303 1776 1364 1853 est,
1394 1771 1454 1837 hs·

406 1873 507 1939 beent
535 1870 767 1938 auctoritatem
798 1876 833 1936 et
863 1874 1073 1957 potestatem,
1100 1872 1215 1958 vigore
1241 1878 1334 1939 setus
1366 1895 1450 1959 prs

405 1974 495 2051 dieti,
532 1974 575 2040 sd
610 1972 882 2059 compellendum,
919 1993 979 2058 per
1018 1973 1243 2041 districtiones
1275 1982 1311 2040 et
1347 1976 1454 2053 aliter,

405 2098 464 2163 per
508 2076 722 2143 discretiones
767 2096 852 2154 sues,
898 2075 1106 2141 omnimodos
1158 2099 1315 2163 personas
1359 2077 1449 2143 infra

405 2180 518 2245 eedem
549 2178 711 2255 civitates,
743 2177 873 2265 burgos,
899 2176 1005 2254 villas,
1036 2179 1165 2243 etalio
1197 2179 1278 2257 loos,
1310 2180 1353 2244 ud
1377 2202 1452 2246 eon-

405 2281 619 2349 tributionem
651 2279 855 2345 inventionis
884 2279 1050 2344 dictorum
1072 2279 1283 2345 hominorum
1314 2282 1453 2369 sagittu-

404 2384 538 2460 riorum,
545 2383 647 2469 juxto
661 2382 876 2447 assessionem
891 2380 1057 2445 dictorum
1067 2380 1457 2447 Oommissionsriorum¹

233 2479 383 2597 ffirm-
404 2490 441 2554 in
479 2486 627 2575 quolibet
663 2483 853 2568 hujusmodi
883 2483 1054 2548 comitutu.
1109 2482 1157 2549 Et
1181 2485 1269 2570 quod
1297 2484 1456 2551 Commis-

233 2613 391 2663 menurous
405 2590 540 2657 sionsrii
571 2589 606 2653 in
640 2587 788 2673 quolibet
818 2586 879 2651 teli
909 2586 1078 2661 comitatu,
1109 2606 1148 2651 se
1175 2585 1457 2651 Oommissionnrii

232 2678 381 2795 ffliffi·
405 2696 441 2759 in
478 2692 568 2757 dieto
604 2690 807 2777 episeoputu,
841 2687 1026 2752 deliberent
1060 2687 1199 2752 Bullivis
1233 2689 1458 2774 quorumlibet

230 2811 347 2875 cumaei.
406 2793 579 2871 hundredi,
616 2790 849 2877 wspentsnhse,
871 2793 906 2854 et
938 2809 1027 2874 rupee
1056 2788 1233 2854 comitatus
1268 2796 1302 2853 et
1334 2791 1459 2875 episeo-

405 2903 504 2985 petus
538 2894 574 2960 in
609 2892 729 2980 quibus
761 2891 824 2978 ipsi
859 2888 1141 2957 Oommiesionnrii
1174 2896 1262 2966 sunt,
1296 2890 1351 2956 vel
1383 2890 1459 2956 uliis

399 3001 506 3066 tribus
530 3003 590 3064 eut
615 3000 758 3082 quatuor
780 2992 1022 3059 sufficientibus
1055 2995 1204 3078 personis
1232 2994 1458 3078 quorumlibet

399 3100 587 3188 hujusmodi
610 3097 784 3176 hundredi,
809 3095 1044 3181 wapenteohae,
1069 3099 1104 3159 et
1126 3117 1225 3181 rspae,
1249 3117 1310 3182 per
1336 3096 1457 3161 disere·

398 3205 506 3269 tiones
536 3223 621 3279 sues,
644 3199 767 3286 seripts
790 3197 965 3263 indeutste
993 3197 1198 3262 continentis
1229 3197 1305 3283 [ed]
1337 3205 1455 3283 quotos

398 3306 546 3372 homines
592 3301 783 3391 sagittarios
820 3299 979 3385 quislibet
1020 3299 1150 3374 civitas,
1189 3299 1324 3386 burgus,
1363 3300 1454 3376 villa,

396 3407 524 3484 villeta,
549 3401 747 3492 vinagium?
768 3401 951 3466 hamelettu
973 3405 1008 3465 et
1031 3399 1098 3464 slis
1122 3399 1193 3464 loos
1216 3400 1307 3464 infra
1329 3400 1454 3465 dietum

398 3507 617 3579 hundredum,
649 3501 910 3588 wapenteohsm,
942 3506 977 3566 et
1009 3522 1133 3586 repam,
1156 3507 1236 3566 sunt
1265 3502 1321 3566 vel
1356 3508 1453 3567 erunt

397 3613 542 3674 onerate.
590 3605 635 3670 Et
665 3605 753 3691 quod
776 3604 878 3668 iidem
901 3602 1182 3668 Commissiousrii
1212 3603 1397 3668 certificent
1417 3606 1450 3666 in

397 3710 605 3778 &ocenum
637 3711 798 3781 nostrum,
832 3705 924 3769 infre
956 3709 1089 3790 tempus
1121 3710 1318 3790 competens,
1354 3727 1450 3770 unam

396 3819 525 3900 per-tem
562 3809 739 3896 cujuslibet
777 3807 855 3872 telis
894 3806 1008 3892 scripti
1047 3807 1223 3872 indentsti.
1281 3808 1326 3874 Et
1365 3809 1447 3895 quod

396 3936 509 3980 omnes
542 3909 732 3998 hujusmodi
755 3909 907 3973 homines
938 3908 1114 3996 sagittarii,
1137 3908 1173 3972 in
1197 3908 1308 3972 forms
1339 3931 1449 3995 suprs-

396 4017 486 4082 diets
520 4012 719 4089 inveniendi,
742 4011 810 4075 sint
845 4010 965 4095 parati,
987 4008 1187 4074 sufficienter
1217 4016 1252 4074 et
1284 4009 1447 4075 defensive

396 4119 512 4185 urristi
543 4139 644 4203 prout
666 4114 812 4201 pertinet
846 4112 1037 4199 sagittariis,
1060 4112 1273 4197 percipiendo
1303 4135 1364 4178 sex
1395 4113 1447 4176 de-

396 4223 507 4288 narios
537 4242 597 4306 per
627 4219 715 4282 dem
749 4235 809 4300 pro
844 4213 1036 4279 defensione
1066 4214 1266 4300 suprudiotn‚
1289 4216 1331 4279 sd
1365 4237 1447 4280 oom-

224 4298 372 4416 gsssslffie
397 4326 580 4414 parendum
603 4327 638 4388 et
671 4318 860 4384 fssiendum
890 4317 1161 4403 comper-itionem
1184 4339 1279 4383 susm
1302 4319 1345 4382 ad
1369 4319 1448 4384 tales

224 4433 367 4484 maderour
395 4429 483 4494 diem
499 4431 534 4492 ot
556 4425 664 4489 loeum
680 4421 771 4486 infru
792 4441 932 4509 regnum
955 4425 1105 4485 nostrum
1128 4421 1333 4504 prsedietum,
1353 4429 1449 4506 prout

222 4498 324 4549 months
395 4528 595 4596 limitabitur
639 4530 673 4590 et
716 4523 1001 4610 sppunetusbitur
1042 4543 1102 4607 per
1144 4543 1212 4587 nos.
1270 4522 1325 4587 Its
1362 4522 1447 4607 quod

394 4629 568 4718 sepurnles.
590 4625 873 4714 proclamationes,
896 4627 1132 4711 apponetuutae
1164 4624 1199 4687 in
1222 4644 1290 4687 uno
1313 4624 1367 4688 die
1389 4645 1447 4708 per

1183 4761 1432 4773 ——--——

425 4825 433 4857 ¹
455 4821 693 4880 Commium-iorum,
704 4815 761 4868 MS.
901 4814 908 4880 Ι
954 4815 965 4846 ²
982 4813 1098 4878 vittaqia,
1109 4814 1164 4864 MS.
