3350 5800
439 890 503 966 308
896 917 1029 965 urrann

437 1100 455 1125 ·‘
478 1092 631 1178 dirrupta
654 1098 689 1156 et
715 1092 866 1179 collapsa,
890 1094 939 1158 ita
968 1094 1056 1179 quod
1078 1094 1123 1159 ad
1146 1093 1290 1179 ipsorum
1322 1090 1493 1157 reedifica-

438 1195 604 1260 “tionem
635 1201 815 1283 proventus
845 1196 1084 1281 possessionum
1116 1202 1152 1259 et
1181 1194 1374 1260 reddituum
1409 1191 1492 1257 dicti

439 1307 455 1331 ²·
479 1296 653 1382 hospitalis
675 1297 747 1363 siv‘e
769 1298 927 1363 cuntariae
949 1298 1154 1384 pertinentes
1176 1299 1287 1363 minus
1311 1297 1491 1363 sufficiunt

437 1408 452 1433 “
479 1400 627 1465 Extebat
663 1406 776 1465 tamen
808 1406 844 1465 et
880 1406 982 1477 extat,
1017 1408 1057 1465 ut
1089 1422 1150 1487 pro
1181 1408 1276 1487 parte
1309 1400 1492 1466 eorundem

438 1509 453 1532 ‘⁴
478 1499 689 1565 Pruesidentis
711 1510 746 1565 st
770 1500 952 1566 Scolarium
974 1501 1070 1566 nobis
1092 1503 1281 1587 expositum
1302 1501 1378 1576 fuit,
1402 1498 1491 1584 quod

436 1612 452 1635 “
478 1602 601 1665 eisdem
624 1601 818 1666 Praesident-i
843 1607 877 1667 ct
892 1601 1090 1680 Scolaribus,
1105 1609 1206 1688 atque
1228 1604 1319 1668 dicto
1333 1600 1491 1685 Collegio,

438 1710 452 1737 “
478 1722 654 1787 eorumque
682 1709 717 1768 et
747 1704 896 1787 ejusdem
919 1702 1059 1789 Collegii
1081 1725 1210 1769 necnon
1249 1703 1387 1791 praeiati
1416 1702 1494 1765 hos·

436 1813 452 1837 “
476 1803 590 1888 pitelis
613 1811 739 1869 mutuus
761 1806 952 1871 necessitati
974 1811 1202 1891 competenter
1223 1804 1394 1870 subveniri
1417 1823 1492 1888 pos-

435 1914 452 1941 “
476 1906 590 1983 sitsi,
614 1907 706 1971 etin
730 1928 806 1972 cusu
839 1927 914 1991 quo,
937 1906 1025 1972 idem
1055 1907 1220 1992 hospitale
1249 1907 1322 1970 sive
1351 1906 1492 1970 eandem

435 2015 452 2040 “
476 2006 659 2071 cantariam
683 2029 757 2072 cum
781 2008 850 2071 suis
877 2008 1011 2090 juribus
1032 2014 1068 2072 et
1090 2009 1302 2093 pertinentiis
1326 2006 1494 2071 universis

437 2116 452 2141 “
477 2108 566 2171 dicto
597 2106 754 2193 Collegio‚
779 2108 1044 2193 Praesidentique
1074 2125 1109 2173 et
1132 2108 1331 2184 Scolaribus,
1361 2127 1493 2172 necnon

435 2218 451 2243 “
476 2230 591 2273 eorum
615 2209 866 2289 successoribus,
889 2210 924 2273 in
948 2230 1024 2273 suos
1048 2212 1198 2296 proprios
1220 2230 1309 2286 usus,
1332 2228 1395 2295 pro
1417 2228 1494 2293 per-

435 2316 578 2395 “petuo
622 2310 867 2395 possidendum,
899 2332 957 2396 per
987 2332 1047 2374 nos
1077 2315 1111 2374 et
1141 2316 1256 2375 nostra
1288 2309 1493 2374 auctoritate

435 2420 452 2447 “
476 2412 654 2497 contigerit
679 2411 791 2476 debite
806 2412 1021 2497 appropriari.
1069 2411 1176 2476 Nobis
1192 2412 1304 2497 igitur,
1320 2433 1381 2497 pro
1396 2416 1492 2495 palte

435 2524 452 2547 “
478 2514 560 2579 dicti
596 2512 745 2599 Collegii,
782 2512 1005 2587 Praesidentis‚
1043 2520 1078 2576 et
1110 2512 1293 2577 Scolacium
1332 2511 1492 2596 ejusdem,

436 2615 649 2679 “humiliter
684 2615 800 2679 extitit
834 2613 1066 2699 supplicatum,
1098 2613 1266 2697 quatinus,
1300 2634 1344 2676 ex
1382 2613 1491 2677 causis

436 2728 451 2752 ‘⁴
477 2716 662 2803 peremissis,
680 2717 788 2802 ipsum
812 2714 976 2800 hospitale
998 2735 1057 2778 seu
1081 2714 1264 2779 centanam
1287 2714 1335 2777 eis
1349 2720 1387 2777 et
1401 2713 1491 2777 dicto

436 2824 453 2853 “
479 2817 625 2903 Collegio
662 2817 817 2881 canonice
848 2816 953 2891 unire,
982 2820 1168 2888 ermeciere,
1198 2814 1425 2900 appropriare,
1457 2820 1492 2877 et

435 2920 681 3006 “incorporare
713 2919 934 3004 dignaremur.
982 2916 1133 3002 Cumque
1163 2916 1298 2981 tandem
1322 2916 1360 2979 in
1390 2937 1492 3001 nego·

435 3031 450 3056 “
478 3024 527 3086 tio
567 3020 849 3107 appropriationis
886 3019 1089 3103 hujusmodi,
1126 3019 1170 3083 ed
1208 3017 1490 3104 supplicationem

433 3131 450 3158 ‘¹
474 3122 638 3188 dictorum
662 3120 875 3199 Praesidentis
906 3126 942 3184 et
964 3119 1157 3196 Scolarium,
1181 3140 1324 3205 pernes
1354 3126 1391 3185 et
1411 3141 1491 3184 auc·

433 3233 448 3257 “
474 3225 611 3289 toritate
633 3229 750 3287 nostra
772 3223 855 3286 adeo
878 3221 978 3286 fuerit
1002 3227 1035 3286 et
1058 3223 1103 3286 sit
1127 3221 1276 3306 legitime
1291 3243 1490 3307 processum,

432 3335 449 3360 “
473 3326 570 3411 quod,
592 3325 735 3390 servatis
758 3323 916 3408 primitus
938 3323 980 3388 de
1007 3325 1082 3407 jure
1114 3324 1294 3401 servandis,
1318 3325 1491 3409 pmemisss

432 3437 449 3464 '‘
474 3429 609 3494 veritati
633 3427 732 3490 inniti
766 3426 990 3501 dinoscantur,
1011 3447 1081 3502 nos,
1103 3425 1297 3511 cupientes¹
1320 3425 1356 3489 in
1388 3447 1489 3512 nego·

433 3539 449 3564 “
474 3530 523 3594 tio
553 3529 611 3594 illo
641 3529 685 3594 ad
716 3527 849 3592 finalem
880 3527 1127 3612 expeditionem
1166 3527 1313 3611 ejusdem
1353 3528 1489 3612 prooedi

432 3641 447 3665 “
472 3631 599 3708 debere,
623 3629 703 3716 quia
739 3635 851 3694 tumen
880 3629 1047 3704 unionem,
1078 3629 1347 3706 concretionem,
1370 3650 1489 3715 appro-

432 3743 448 3767 “
472 3733 682 3819 printionem,
728 3736 763 3795 et
808 3729 1108 3815 incorporationem
1153 3730 1279 3814 ubsque
1323 3749 1488 3796 consensu

432 3842 450 3871 “
473 3841 584 3900 vestro
615 3833 760 3898 finaliter
792 3831 940 3917 expediri
971 3851 1039 3894 non
1069 3829 1285 3906 intendimus,
1308 3831 1398 3896 sicut
1427 3852 1488 3897 nec

433 3945 448 3972 “
473 3938 513 4002 de
540 3937 616 4021 jure
639 3935 806 4010 debemus,
830 3933 887 3998 sed
915 3932 1005 4018 quod
1028 3954 1087 4018 per
1117 3933 1229 3997 omnia
1252 3933 1326 4010 rite,
1348 3938 1386 3997 et
1409 3933 1487 4020 legi-

433 4049 449 4074 “
473 4039 564 4115 time,
587 4045 621 4104 et
644 4037 768 4121 absque
792 4041 902 4100 vestro
925 4039 961 4098 et
986 4033 1074 4118 juris
1098 4034 1200 4098 vestri
1223 4034 1429 4119 praejudicio,
1452 4036 1485 4098 in

436 4150 452 4175 “
477 4142 538 4206 hac
560 4147 654 4227 parte
679 4138 883 4225 procedatur,
905 4155 965 4200 vos
988 4135 1204 4200 exhortamur
1229 4136 1264 4198 in
1285 4135 1432 4202 Domino
1453 4145 1487 4202 et

437 4255 453 4279 “
477 4241 684 4328 requirimus
708 4238 866 4324 quatinus
889 4241 1036 4302 tractatu
1068 4257 1168 4321 super
1190 4237 1368 4321 premissis
1398 4239 1487 4304 inter

438 4355 453 4381 “
479 4365 537 4410 vos
559 4343 713 4428 diligenti
747 4341 836 4426 prius
859 4339 985 4414 habito,
1009 4339 1050 4402 de
1080 4358 1242 4402 consensu
1264 4345 1376 4403 vestm
1398 4343 1486 4426 capi·

437 4457 454 4480 ‘³
479 4445 588 4520 tulari,
611 4463 710 4528 super
740 4441 872 4515 unione,
895 4439 1128 4516 annexutione,
1152 4438 1431 4524 appropriatione,
1453 4447 1487 4506 et

437 4561 452 4584 ‘¹
476 4544 740 4632 incorporatione
772 4541 854 4607 dicti
877 4541 1053 4626 hospitalis
1074 4541 1146 4604 sive
1167 4541 1326 4606 canturire
1348 4543 1486 4626 prefato

437 4713 476 4722 ι...-

845 4805 852 4838 ¹
865 4807 1073 4857 emorerentur
