3350 5800
611 901 795 950 sarsurus.
1162 882 1226 948 405

177 1079 278 1152 aliqua
299 1087 393 1152 nobis,
406 1106 456 1142 sen
478 1089 599 1143 felonias
619 1088 733 1158 aliquas
752 1087 783 1141 in
805 1087 953 1142 (lumitate
975 1086 1126 1156 praedicto,
1151 1089 1229 1154 post·

178 1183 266 1235 quam
287 1171 420 1241 regimen
440 1169 535 1226 nostri
555 1172 640 1242 regni
660 1171 852 1242 suscepimus,
865 1169 943 1224 unde
963 1169 1078 1240 punitio
1091 1169 1230 1222 hactenus

178 1267 236 1305 non
261 1260 306 1308 est
330 1255 416 1318 facta,
442 1261 656 1326 perpetrarunt,
677 1254 708 1309 iu
732 1255 825 1310 nostri
847 1258 1056 1324 contemptum,
1077 1257 1107 1306 et
1128 1257 1231 1306 contra

178 1351 279 1403 pacem
304 1343 453 1400 nostram
485 1343 515 1392 et
545 1338 580 1392 de
605 1337 822 1401 inobedientiis,
849 1335 1074 1408 contemptibus,
1102 1334 1228 1398 feloniis,

176 1419 467 1487 transgressionibus,
480 1428 512 1476 et
529 1421 664 1493 dampnis
688 1420 864 1492 supradictis
884 1420 998 1491 plenius
1017 1417 1180 1482 veritatem,
1201 1423 1230 1471 et

177 1498 213 1552 ad
244 1499 468 1568 inobedientias,
505 1510 698 1575 contemptus,
740 1503 872 1568 felonias,
911 1500 1168 1573 transgressiones,
1201 1507 1230 1554 et

178 1581 305 1654 dampna
325 1585 467 1656 praedicta
484 1586 644 1643 audiendos
666 1595 696 1642 et
723 1586 932 1650 terminandos,
955 1585 1114 1640 secundnm
1133 1585 1230 1656 legem

177 1669 208 1719 et
225 1667 465 1725 consuetudinem
484 1671 569 1741 regui
588 1671 698 1737 uostri;
718 1676 748 1726 et
768 1670 834 1724 ideo
855 1669 936 1724 vobis
954 1667 1137 1731 mandamus,
1152 1665 1231 1737 qnod

177 1747 215 1801 ad
234 1755 329 1805 certos
350 1750 412 1806 dies
434 1758 464 1808 et
475 1753 546 1819 loos,
562 1769 633 1824 qnos
645 1771 697 1808 vos
717 1760 779 1809 tres
801 1753 850 1807 vel
869 1752 926 1807 duo
948 1757 1091 1816 vestrum,
1105 1767 1229 1820 quornm

178 1847 229 1886 vos
250 1835 370 1904 praefate
391 1835 546 1892 Edmunde
564 1855 658 1892 unum
670 1853 732 1892 esse
751 1836 896 1902 volumus,
911 1835 1015 1891 adhoc
1032 1833 1230 1906 provideritis,

178 1912 404 1984 inquisitionem
438 1918 520 1973 illam
556 1917 680 1984 faciatis,
712 1925 742 1974 et
780 1918 1003 1982 inobedientias,
1034 1921 1228 1986 contemptus,

178 1997 309 2066 feloniss,
335 2001 591 2072 transgressiones,
617 2012 647 2059 et
666 2003 794 2075 dampna
811 2001 954 2075 predicta
974 1999 1101 2056 audiatis
1120 2005 1151 2055 et
1172 2005 1229 2054 ter·

177 2081 297 2138 minatis
322 2084 351 2138 in
377 2085 473 2140 forma
495 2086 654 2156 pradicta;
686 2086 793 2142 facturi
818 2085 886 2141 inde
911 2086 989 2155 quod
1013 2083 1052 2140 ad
1077 2083 1230 2154 justiciam

177 2165 314 2235 pertinet,
334 2175 389 2224 etc.
427 2169 463 2222 In
482 2167 566 2238 cnjus
583 2167 636 2234 rei,
655 2173 710 2225 etc.

480 2315 515 2370 64
527 2315 637 2370 c.—Du
655 2314 764 2371 Ossrso
782 2330 819 2369 ns
837 2315 939 2369 Lenes.

215 2410 293 2466 1321.
312 2411 339 2466 Ι.
352 2411 405 2467 372
415 2413 438 2466 b.
472 2413 498 2466 A
511 2410 625 2466 similar
637 2411 823 2466 commission
835 2411 965 2482 relating
976 2417 1007 2465 to
1020 2410 1114 2466 laedes
1122 2409 1231 2467 Gastle.

179 2567 360 2624 ‹es-caan
386 2570 498 2624 Dounu
525 2570 672 2637 limanici)
699 2585 801 2625 ruosvr
830 2572 942 2626 Dounu
974 2570 1062 2626 Bacis
1091 2572 1231 2627 Enwsnor
1282 2588 1368 2633 soon.

303 2667 395 2706 reum
432 2666 518 2707 suren
551 2667 667 2708 sumno
702 2669 740 2707 au
777 2669 859 2708 uuum
896 2668 1057 2709 rmrmouu
1093 2669 1231 2708 ascranae
1294 2643 1353 2684 1²⁶⁶·

303 2735 407 2788 Paron
426 2735 568 2789 Recursus
588 2727 709 2789 Osursn'
723 2750 851 2791 sansone
869 2748 949 2789 nova
968 2751 1132 2790 caramerus
1149 2751 1216 2791 sua.
1244 2741 1371 2836 &isim

214 2845 252 2899 H.
276 2843 330 2899 Dei
345 2843 442 2915 gratia
458 2843 520 2899 Rex
538 2843 668 2915 Anglioe,
687 2853 741 2900 etc.
762 2844 916 2908 militibus,
935 2844 1035 2900 liberis
1053 2845 1229 2913 bominibus,

178 2933 208 2982 ct
238 2927 371 2983 omnibns
402 2926 467 2982 aliis
503 2928 670 2982 tenentibus
706 2928 742 2983 de
778 2929 914 2983 Prioralu
949 2928 1087 2984 Ecclesia
1124 2928 1233 2986 Christi
1246 2901 1402 2995 {diffidari

179 3009 409 3074 Cantuariensis,
424 3011 559 3064 salutem.
597 3007 682 3075 Cum,
703 3010 780 3065 sicut
800 3011 1011 3074 intelleximus,
1025 3028 1059 3065 ex
1078 3017 1232 3066 consuetu-
1243 3003 1392 3096 ‹iffifflffi

178 3094 248 3148 dine
266 3092 380 3147 diutius
399 3098 520 3163 optenta
539 3093 698 3149 teneamini
717 3094 812 3148 Priori
831 3095 972 3149 Ecclesiae
985 3095 1145 3166 pradictae,
1158 3101 1231 3150 tem·
1244 3104 1354 3163 aanor

178 3194 248 3246 pore
267 3195 350 3231 novin
376 3176 535 3231 creationis
553 3194 623 3241 suae,
645 3179 676 3231 in
696 3177 822 3247 siugulis
850 3178 989 3233 maneriis
1009 3179 1046 3233 ad
1064 3180 1232 3233 Prioratum
1245 3153 1400 3246 gffitm

178 3260 264 3315 illum
292 3260 492 3331 spectantibus
518 3261 550 3314 in
577 3261 684 3330 quibus
713 3261 860 3327 residetis,
881 3261 917 3315 de
935 3261 1061 3333 quodam
1088 3261 1232 3333 palefrido
1245 3252 1382 3345 fflssffipt

178 3344 355 3416 competenti
381 3344 544 3415 providere,
566 3362 600 3399 ac
625 3361 687 3409 vos,
708 3350 741 3399 ut
767 3345 946 3416 accepimus,
965 3344 1142 3417 palefridum
1160 3352 1343 3417 prae-buteto

179 3427 292 3483 dictum
323 3446 400 3482 nunc
430 3426 526 3482 Priori
557 3427 698 3483 Ecclesiae
729 3426 890 3499 praedictae,
918 3446 952 3483 ex
979 3446 1068 3483 causa
1093 3428 1233 3499 praedicta
1244 3401 1388 3504 {dimit

179 3510 322 3573 (lubitum,
355 3509 450 3564 eidem
481 3518 583 3565 contra
609 3510 760 3581 justitiam
790 3510 997 3575 detinueritis;
1017 3512 1150 3565 nolentes
1181 3503 1402 3602 perffi‘ffly‘ffl

180 3594 407 3649 subtractionem
426 3593 563 3663 palefridi
577 3592 711 3663 praedicti
724 3592 819 3647 Priori
832 3593 879 3647 vel
899 3593 1039 3648 Ecclesiae
1051 3611 1112 3648 susa
1124 3594 1231 3649 futuris
1244 3603 1336 3663 οτῳωᾲ

179 3676 357 3746 temporibus
383 3676 576 3745 prejudicium
604 3675 750 3746 generari,
770 3674 992 3729 universitatem
1017 3684 1146 3729 vestram
1171 3693 1231 3730 mo·
1244 3653 1394 3745 {offlam

179 3776 291 3824 nemus,
312 3767 457 3829 quatenns
475 3758 570 3813 Priori
588 3758 626 3813 de
644 3758 786 3829 palefrido
812 3757 962 3828 praedicto,
983 3758 1060 3813 sicut
1078 3760 1232 3814 retroactis
1244 3753 1384 3845 {stiffi

182 3843 361 3914 temporibus
379 3842 443 3897 fieri
466 3842 628 3907 consuevit,
648 3842 763 3896 taliter·
774 3841 913 3896 satisfieri
940 3842 1063 3909 facietis,
1083 3842 1162 3913 quod
1179 3861 1233 3913 per
1244 3814 1394 3897 dirdtat'

180 3927 382 3981 detentionem
403 3924 538 3995 ejusdem
557 3925 684 3980 dedecus
703 3942 762 3980 non
781 3924 949 3991 incurratis,
970 3934 1000 3981 et
1017 3926 1096 3997 quod
1114 3945 1166 3998 per
1184 3927 1233 3983 de·
1244 3903 1286 3998 ξξξ
1293 3904 1381 3997 mol

180 4013 290 4067 fectum
309 4011 401 4065 vestri
421 4027 471 4064 vos
484 4010 589 4065 adhoc
607 4010 742 4079 compelli
761 4028 819 4064 non
838 4017 980 4081 oporteat.
1017 4012 1103 4067 Teste
1121 4013 1233 4084 meipso

180 4094 258 4166 apud
278 4093 475 4158 (lautnarism,
495 4099 584 4147 xxx¹³⁰
602 4092 649 4147 die
670 4091 812 4157 Octobris,
832 4111 910 4147 ranno
934 4094 1019 4163 regni
1038 4096 1130 4149 nostri
1149 4097 1231 4166 quin·

181 4194 361 4249 quagesrmo.

684 4452 727 4506 66.

216 4624 308 4695 Hugh
328 4624 501 4695 Despensar‚
521 4622 552 4675 in
573 4621 624 4677 the
644 4622 820 4693 parliamcnt
839 4624 872 4677 of
889 4640 942 4678 our
958 4624 1037 4679 Lord
1057 4624 1181 4681 Edward
1202 4630 1236 4683 of

181 4709 374 4771 anrnar'von,
389 4706 439 4760 the
461 4705 545 4774 King
564 4705 627 4759 who
640 4722 704 4759 now
727 4706 762 4769 is,
777 4704 846 4760 bold
864 4713 895 4760 st
907 4705 1116 4763 westminster
1129 4709 1159 4763 in
1181 4712 1232 4767 the

179 4790 311 4851 filteenth
323 4807 393 4862 year
405 4789 438 4844 of
457 4788 503 4845 his
515 4788 610 4861 reign,
625 4788 663 4857 by
677 4788 728 4843 tbe
747 4789 964 4845 consideration
978 4792 1011 4846 of
1026 4792 1076 4848 the
1089 4792 1230 4859 Prelates,
