3350 5800
562 834 852 884 osurunsransns.
1193 817 1237 885 4⁷

175 1024 331 1107 tempore
362 1021 508 1107 ejusdem
540 1020 695 1097 ecelesiae,
718 1025 833 1106 perte
867 1020 904 1085 in
934 1019 1139 1105 collegiatam
1173 1019 1236 1085 eri·

174 1123 307 1207 gendae,
345 1123 562 1209 quodcunque
599 1121 691 1187 aliud
735 1120 931 1187 beneficium
974 1120 1235 1197 ecclesiasticum,

174 1222 284 1288 etiam
318 1223 346 1287 si
376 1223 524 1309 dignitas
556 1226 757 1307 personatus,
788 1222 842 1285 vel
875 1220 1016 1287 officium
1054 1243 1128 1287 cum
1157 1241 1237 1287 cura

176 1324 237 1387 rel
269 1325 340 1389 sine
372 1345 459 1403 cura,
492 1324 527 1387 in
571 1322 830 1408 metropolitana,
870 1322 924 1389 vel
954 1323 1144 1402 cathedrali,
1178 1328 1237 1387 ant

177 1424 357 1512 collegiata
393 1425 531 1491 eeclesia
562 1424 674 1499 fuerit,
705 1429 739 1488 et
761 1424 863 1488 etiam
896 1426 924 1488 si
949 1424 1096 1509 requirat
1130 1445 1237 1507 perso·

175 1526 293 1590 nalem
315 1526 527 1595 residentiam
546 1524 702 1610 juratam,
717 1524 797 1588 alias
820 1524 849 1589 si
872 1525 1026 1590 canonice
1049 1524 1239 1590 conferatur

178 1628 337 1711 recipere,
360 1626 508 1711 illudque
535 1646 610 1691 cum
633 1625 829 1710 magistratu
846 1625 993 1710 ejusdem
1016 1626 1157 1689 ecclesiae
1179 1646 1239 1711 per

177 1732 216 1791 te
240 1729 278 1791 in
300 1729 506 1815 collegiatam
536 1726 709 1812 erigendae,
739 1732 778 1790 ut
809 1725 993 1811 praefertur,
1016 1728 1166 1802 retinere,
1200 1749 1239 1793 ac

177 1828 320 1905 fructus,
358 1828 517 1903 redditus,
555 1832 590 1892 et
627 1832 819 1911 proventus,
858 1828 964 1913 ipsius
1002 1828 1161 1905 beneficii,
1202 1830 1238 1893 in

178 1930 300 1993 eadem
334 1929 469 1994 ecclesia
502 1949 562 2014 per
596 1932 630 1991 te
663 1928 698 1991 in
728 1926 935 2011 collegiatam
966 1929 1167 2014 erigendam,
1199 1936 1239 1995 ut

178 2031 372 2113 praefertur,
410 2028 593 2105 residendo,
631 2050 706 2093 cum
744 2050 784 2094 ea
821 2030 1023 2115 integritate,
1061 2032 1236 2098 cotidianis

179 2132 480 2197 distributionibus
501 2131 671 2195 duntaxat
693 2132 852 2215 exeeptis,
874 2132 1050 2217 percipere,
1073 2155 1148 2198 eum
1172 2155 1238 2219 qua

181 2233 259 2297 illos
293 2234 477 2318 perciperet
498 2232 524 2296 si
549 2232 584 2294 in
607 2231 766 2298 beneficio
800 2254 859 2297 seu
882 2232 1017 2298 ecclesia
1048 2234 1237 2319 hujusmodi

181 2336 220 2399 in
243 2356 310 2420 qna
344 2335 472 2401 dictum
505 2332 700 2398 beneficium
732 2333 844 2398 forsan
876 2334 977 2401 fuerit
1009 2359 1069 2423 pro
1091 2344 1238 2424 tempore

182 2436 404 2522 personaliter
425 2436 594 2514 resideret,
616 2434 765 2519 illosque,
795 2438 945 2520 personis
968 2437 1009 2503 de
1031 2439 1152 2525 quibus
1165 2440 1239 2504 'sibi

184 2539 368 2614 videbitur,
390 2534 570 2601 arrentare¹
593 2540 654 2599 aut
677 2534 763 2621 [ad2]
788 2536 918 2602 firmam
941 2543 1115 2607 concedere
1138 2542 1240 2607 libere

183 2646 218 2704 et
241 2639 332 2704 licite
355 2658 415 2723 pro
448 2642 593 2722 tempore
615 2635 744 2715 valeat;
775 2636 938 2702 diocesani
964 2639 1027 2705 loci
1047 2648 1109 2707 aut
1131 2644 1240 2727 eujus-

186 2760 328 2825 cumque
363 2737 500 2802 alterius
533 2758 631 2821 super
654 2735 715 2801 hoe
737 2758 898 2803 consensu
930 2762 988 2805 seu
1020 2742 1157 2809 licencia
1178 2746 1240 2807 mi·

186 2843 277 2907 nime
300 2839 478 2926 requisitis.
526 2838 687 2924 Quodque
713 2838 756 2904 ed
782 2840 992 2907 residendum
1014 2844 1051 2909 in
1072 2844 1240 2923 beneficio,

186 2965 246 3008 seu
268 2942 404 3009 eeclesia
420 2939 608 3025 hujusmodi
624 2939 660 3003 in
681 2961 748 3024 qua
769 2941 897 3008 dictum
920 2943 1115 3011 beneficium
1130 2947 1242 3013 forsan

189 3045 306 3122 inerit,
328 3063 388 3129 pre
403 3049 549 3127 tempore
565 3041 702 3106 minime
717 3046 881 3120 teneatur,
895 3065 955 3110 nec
977 3047 1020 3111 ad
1036 3049 1079 3125 id,
1104 3051 1241 3127 invitus,

188 3165 398 3231 aquoquam
421 3142 533 3208 valeat
554 3142 717 3222 coartari;
746 3142 851 3209 felicis
884 3147 1119 3214 recordationis
1142 3151 1242 3214 Boni·

188 3245 266 3310 iacii
300 3244 400 3329 Papae
434 3243 545 3308 octavi
578 3240 824 3327 praedecessoris
856 3247 973 3324 nostri,
1010 3269 1048 3314 ac
1081 3251 1243 3335 generalis

190 3344 338 3420 Consilii,
360 3365 399 3409 ac
421 3343 494 3408 aliis
509 3343 697 3428 apostolicis
719 3355 753 3406 et
774 3345 1033 3429 provincialibus
1055 3356 1091 3415 et
1112 3351 1244 3417 sinoda-

189 3447 279 3512 libus
314 3443 616 3521 constitutionibus,
640 3464 768 3510 necnon
798 3446 936 3511 statntis
966 3454 1001 3513 et
1032 3453 1243 3516 consuetudi·

190 3547 289 3612 nibus
327 3545 431 3631 ipsius
463 3543 606 3610 ecolesiae
644 3543 681 3608 in
719 3566 785 3630 qua
821 3546 1011 3633 hujusmodi
1048 3552 1244 3619 beneficium

192 3651 304 3716 forsan
353 3647 464 3724 fuerit,
515 3647 697 3722 contrariis,
745 3647 944 3731 juramento,
998 3655 1244 3721 confirmatione

190 3748 451 3838 apostolica,ch
481 3769 686 3834 quacumque
708 3749 866 3816 firmitate
887 3752 955 3818 alia
984 3755 1157 3836 roboratis,
1179 3780 1247 3824 non

191 3851 401 3918 obstantibus
424 3849 703 3934 quibuscumque;
741 3855 775 3914 et
797 3851 933 3937 iusuper
961 3875 1092 3921 exnunc
1115 3859 1246 3923 irritum

193 3953 400 4020 decernimus
431 3955 465 4014 et
499 3951 597 4014 inane
621 3950 648 4013 si
680 3971 772 4016 secus
799 3972 899 4038 super
931 3955 997 4021 hiis
1018 3979 1040 4021 a
1070 3981 1246 4046 quoquam,

194 4057 314 4142 quavis
346 4053 555 4131 auctoritate,
588 4053 730 4118 scienter
757 4052 809 4118 vel
844 4057 1043 4141 ignoranter,
1070 4065 1246 4150 eontigerit

194 4153 412 4242 attemptari.l
459 4151 555 4217 Nulli
578 4173 655 4238 ergo
678 4153 826 4219 omnium
849 4155 1020 4224 hominum
1043 4160 1141 4228 liceat
1163 4165 1247 4234 hano

196 4260 349 4346 paginam
381 4261 503 4322 nostrae
541 4255 757 4320 concessionis
794 4258 979 4326 voluntatis
1016 4269 1051 4328 et
1088 4268 1245 4334 constitu·

195 4359 295 4424 tionis
327 4356 516 4443 infringere,
540 4355 594 4419 vel
617 4355 647 4421 ei
691 4377 774 4420 ausu
805 4362 980 4427 temerario
1014 4367 1186 4446 contraire,
1218 4371 1247 4434 si

197 4463 270 4547 quis
301 4465 415 4526 autem
457 4459 519 4524 hoe
559 4463 759 4545 attemptare
791 4465 1046 4550 praesumpsen't,
1095 4469 1248 4557 indigna-

232 4669 239 4702 ¹
257 4667 405 4725 rumare,
417 4667 475 4718 MS.
780 4671 789 4698 ²
805 4675 963 4734 alterplare,
974 4673 1033 4724 MS.

231 4746 241 4778 ⁹
257 4745 300 4806 ad,
313 4761 363 4796 om.
376 4744 435 4796 MS.
