<?xml version="1.0" encoding="UTF-8"?>
<!DOCTYPE html PUBLIC "-//W3C//DTD XHTML 1.0 Transitional//EN"
    "http://www.w3.org/TR/xhtml1/DTD/xhtml1-transitional.dtd">
<html xmlns="http://www.w3.org/1999/xhtml" xml:lang="en" lang="en">
 <head>
  <title>
</title>
<meta http-equiv="Content-Type" content="text/html;charset=utf-8" />
  <meta name='ocr-system' content='tesseract 3.04.00' />
  <meta name='ocr-capabilities' content='ocr_page ocr_carea ocr_par ocr_line ocrx_word'/>
</head>
<body>
  <div class='ocr_page' id='page_1' title='image "./literaecantuari00shepgoog_0244.png"; bbox 0 0 3350 5800; ppageno 0'>
   <div class='ocr_carea' id='block_1_1' title="bbox 609 772 1283 844">
    <p class='ocr_par' dir='ltr' id='par_1_1' title="bbox 609 772 1283 844">
     <span class='ocr_line' id='line_1_1' title="bbox 609 772 1283 844; baseline -0.006 -1"><span class='ocrx_word' id='word_1_1' title='bbox 609 792 903 844; x_wconf 77' lang='lat' dir='ltr'>cenrusmnusrs.</span> <span class='ocrx_word' id='word_1_2' title='bbox 1218 772 1283 843; x_wconf 83' lang='grc'>173</span> 
     </span>
    </p>
   </div>
   <div class='ocr_carea' id='block_1_2' title="bbox 182 974 1309 3187">
    <p class='ocr_par' dir='ltr' id='par_1_2' title="bbox 182 974 1309 3187">
     <span class='ocr_line' id='line_1_2' title="bbox 219 974 1281 1052; baseline -0.004 -10"><span class='ocrx_word' id='word_1_3' title='bbox 219 977 341 1043; x_wconf 88' lang='lat' dir='ltr'>lelmus</span> <span class='ocrx_word' id='word_1_4' title='bbox 388 978 502 1044; x_wconf 89' lang='lat' dir='ltr'>Pouns</span> <span class='ocrx_word' id='word_1_5' title='bbox 549 979 654 1044; x_wconf 82' lang='lat' dir='ltr'>frater</span> <span class='ocrx_word' id='word_1_6' title='bbox 702 978 897 1044; x_wconf 81' lang='lat' dir='ltr'>monasterii</span> <span class='ocrx_word' id='word_1_7' title='bbox 943 975 1098 1043; x_wconf 81' lang='lat' dir='ltr'>Ecclesise</span> <span class='ocrx_word' id='word_1_8' title='bbox 1145 974 1281 1052; x_wconf 80' lang='lat' dir='ltr'>Christi,</span> 
     </span>
     <span class='ocr_line' id='line_1_3' title="bbox 222 1079 1279 1157; baseline 0 -14"><span class='ocrx_word' id='word_1_9' title='bbox 222 1080 349 1145; x_wconf 84' lang='lat' dir='ltr'>ordinis</span> <span class='ocrx_word' id='word_1_10' title='bbox 399 1080 516 1147; x_wconf 75' lang='lat' dir='ltr'>Sancti</span> <span class='ocrx_word' id='word_1_11' title='bbox 553 1080 734 1157; x_wconf 74' lang='lat' dir='ltr'><strong>Benedicti,</strong></span> <span class='ocrx_word' id='word_1_12' title='bbox 777 1079 1039 1157; x_wconf 71' lang='lat' dir='ltr'>cantuariensis,</span> <span class='ocrx_word' id='word_1_13' title='bbox 1077 1080 1115 1143; x_wconf 89' lang='lat' dir='ltr'>in</span> <span class='ocrx_word' id='word_1_14' title='bbox 1165 1079 1279 1144; x_wconf 91' lang='lat' dir='ltr'>eodem</span> 
     </span>
     <span class='ocr_line' id='line_1_4' title="bbox 224 1180 1281 1268; baseline -0.001 -22"><span class='ocrx_word' id='word_1_15' title='bbox 224 1182 339 1247; x_wconf 83' lang='lat' dir='ltr'>ordine</span> <span class='ocrx_word' id='word_1_16' title='bbox 361 1182 399 1247; x_wconf 89' lang='lat' dir='ltr'>in</span> <span class='ocrx_word' id='word_1_17' title='bbox 422 1183 511 1249; x_wconf 87' lang='lat' dir='ltr'>dicto</span> <span class='ocrx_word' id='word_1_18' title='bbox 534 1184 734 1250; x_wconf 84' lang='lat' dir='ltr'>monasterio</span> <span class='ocrx_word' id='word_1_19' title='bbox 756 1182 801 1247; x_wconf 89' lang='lat' dir='ltr'>sit</span> <span class='ocrx_word' id='word_1_20' title='bbox 828 1180 1002 1268; x_wconf 86' lang='lat' dir='ltr'>professus,</span> <span class='ocrx_word' id='word_1_21' title='bbox 1026 1185 1061 1247; x_wconf 84' lang='lat' dir='ltr'>et</span> <span class='ocrx_word' id='word_1_22' title='bbox 1084 1180 1146 1245; x_wconf 87' lang='lat' dir='ltr'>sub</span> <span class='ocrx_word' id='word_1_23' title='bbox 1169 1180 1281 1247; x_wconf 85' lang='lat' dir='ltr'>obedi-</span> 
     </span>
     <span class='ocr_line' id='line_1_5' title="bbox 222 1283 1282 1372; baseline -0.001 -24"><span class='ocrx_word' id='word_1_24' title='bbox 222 1284 318 1349; x_wconf 85' lang='lat' dir='ltr'>entia</span> <span class='ocrx_word' id='word_1_25' title='bbox 349 1284 494 1372; x_wconf 87' lang='lat' dir='ltr'>regulari</span> <span class='ocrx_word' id='word_1_26' title='bbox 529 1285 565 1350; x_wconf 91' lang='lat' dir='ltr'>in</span> <span class='ocrx_word' id='word_1_27' title='bbox 600 1284 715 1351; x_wconf 88' lang='lat' dir='ltr'>eodem</span> <span class='ocrx_word' id='word_1_28' title='bbox 745 1305 852 1371; x_wconf 87' lang='lat' dir='ltr'>nuper</span> <span class='ocrx_word' id='word_1_29' title='bbox 884 1284 1040 1358; x_wconf 77' lang='lat' dir='ltr'>existens,</span> <span class='ocrx_word' id='word_1_30' title='bbox 1063 1283 1134 1369; x_wconf 90' lang='lat' dir='ltr'>ipse</span> <span class='ocrx_word' id='word_1_31' title='bbox 1169 1287 1282 1348; x_wconf 84' lang='lat' dir='ltr'>tamen</span> 
     </span>
     <span class='ocr_line' id='line_1_6' title="bbox 227 1384 1280 1474; baseline -0.002 -23"><span class='ocrx_word' id='word_1_32' title='bbox 227 1385 396 1471; x_wconf 87' lang='lat' dir='ltr'>quandam</span> <span class='ocrx_word' id='word_1_33' title='bbox 425 1388 646 1474; x_wconf 87' lang='lat' dir='ltr'>provisionem</span> <span class='ocrx_word' id='word_1_34' title='bbox 683 1406 717 1453; x_wconf 89' lang='lat' dir='ltr'>sc</span> <span class='ocrx_word' id='word_1_35' title='bbox 741 1385 933 1452; x_wconf 88' lang='lat' dir='ltr'>obedientia</span> <span class='ocrx_word' id='word_1_36' title='bbox 954 1384 1103 1471; x_wconf 89' lang='lat' dir='ltr'>regulari</span> <span class='ocrx_word' id='word_1_37' title='bbox 1138 1389 1174 1449; x_wconf 91' lang='lat' dir='ltr'>et</span> <span class='ocrx_word' id='word_1_38' title='bbox 1196 1384 1280 1449; x_wconf 87' lang='lat' dir='ltr'>ordi·</span> 
     </span>
     <span class='ocr_line' id='line_1_7' title="bbox 227 1486 1284 1574; baseline -0.002 -21"><span class='ocrx_word' id='word_1_39' title='bbox 227 1488 322 1553; x_wconf 81' lang='lat' dir='ltr'>naria</span> <span class='ocrx_word' id='word_1_40' title='bbox 343 1494 535 1574; x_wconf 88' lang='lat' dir='ltr'>exemptum</span> <span class='ocrx_word' id='word_1_41' title='bbox 566 1510 588 1552; x_wconf 86' lang='lat' dir='ltr'>a</span> <span class='ocrx_word' id='word_1_42' title='bbox 618 1487 702 1553; x_wconf 88' lang='lat' dir='ltr'>Sede</span> <span class='ocrx_word' id='word_1_43' title='bbox 725 1486 918 1573; x_wconf 83' lang='lat' dir='ltr'>Apostolico</span> <span class='ocrx_word' id='word_1_44' title='bbox 947 1487 1012 1551; x_wconf 88' lang='lat' dir='ltr'>sibi</span> <span class='ocrx_word' id='word_1_45' title='bbox 1044 1486 1226 1573; x_wconf 88' lang='lat' dir='ltr'>impetrari,</span> <span class='ocrx_word' id='word_1_46' title='bbox 1248 1492 1284 1551; x_wconf 84' lang='lat' dir='ltr'>et</span> 
     </span>
     <span class='ocr_line' id='line_1_8' title="bbox 227 1587 1283 1676; baseline 0.001 -24"><span class='ocrx_word' id='word_1_47' title='bbox 227 1588 335 1653; x_wconf 87' lang='lat' dir='ltr'>bullas</span> <span class='ocrx_word' id='word_1_48' title='bbox 368 1590 573 1676; x_wconf 86' lang='lat' dir='ltr'>apostolicas·</span> <span class='ocrx_word' id='word_1_49' title='bbox 598 1589 675 1654; x_wconf 90' lang='lat' dir='ltr'>inde</span> <span class='ocrx_word' id='word_1_50' title='bbox 714 1589 750 1652; x_wconf 91' lang='lat' dir='ltr'>in</span> <span class='ocrx_word' id='word_1_51' title='bbox 789 1609 928 1675; x_wconf 80' lang='lat' dir='ltr'>regnum</span> <span class='ocrx_word' id='word_1_52' title='bbox 967 1592 1119 1653; x_wconf 78' lang='lat' dir='ltr'>nostrum</span> <span class='ocrx_word' id='word_1_53' title='bbox 1150 1587 1283 1674; x_wconf 81' lang='lat' dir='ltr'>Angliae</span> 
     </span>
     <span class='ocr_line' id='line_1_9' title="bbox 229 1688 1309 1779; baseline -0.001 -24"><span class='ocrx_word' id='word_1_54' title='bbox 229 1690 359 1769; x_wconf 85' lang='lat' dir='ltr'>deferri,</span> <span class='ocrx_word' id='word_1_55' title='bbox 373 1712 411 1756; x_wconf 88' lang='lat' dir='ltr'>ac</span> <span class='ocrx_word' id='word_1_56' title='bbox 443 1712 498 1756; x_wconf 89' lang='lat' dir='ltr'>eas</span> <span class='ocrx_word' id='word_1_57' title='bbox 520 1691 611 1778; x_wconf 87' lang='lat' dir='ltr'>apud</span> <span class='ocrx_word' id='word_1_58' title='bbox 645 1688 836 1776; x_wconf 80' lang='lat' dir='ltr'>parochiam</span> <span class='ocrx_word' id='word_1_59' title='bbox 860 1689 981 1755; x_wconf 85' lang='lat' dir='ltr'>Sancti</span> <span class='ocrx_word' id='word_1_60' title='bbox 1003 1689 1161 1755; x_wconf 89' lang='lat' dir='ltr'>Nicholai</span> <span class='ocrx_word' id='word_1_61' title='bbox 1192 1690 1309 1779; x_wconf 35' lang='lat' dir='ltr'>apud·</span> 
     </span>
     <span class='ocr_line' id='line_1_10' title="bbox 228 1790 1284 1879; baseline -0.004 -21"><span class='ocrx_word' id='word_1_62' title='bbox 228 1790 392 1858; x_wconf 80' lang='lat' dir='ltr'>Macelle¹</span> <span class='ocrx_word' id='word_1_63' title='bbox 441 1792 661 1879; x_wconf 85' lang='lat' dir='ltr'>pronuntiari,</span> <span class='ocrx_word' id='word_1_64' title='bbox 709 1790 884 1877; x_wconf 75' lang='lat' dir='ltr'>publicari,</span> <span class='ocrx_word' id='word_1_65' title='bbox 924 1796 959 1856; x_wconf 93' lang='lat' dir='ltr'>et</span> <span class='ocrx_word' id='word_1_66' title='bbox 1002 1790 1078 1875; x_wconf 85' lang='lat' dir='ltr'>legi,</span> <span class='ocrx_word' id='word_1_67' title='bbox 1115 1790 1217 1871; x_wconf 87' lang='lat' dir='ltr'>fecit;</span> <span class='ocrx_word' id='word_1_68' title='bbox 1247 1790 1284 1855; x_wconf 90' lang='lat' dir='ltr'>in</span> 
     </span>
     <span class='ocr_line' id='line_1_11' title="bbox 228 1892 1284 1981; baseline 0.001 -24"><span class='ocrx_word' id='word_1_69' title='bbox 228 1892 334 1958; x_wconf 86' lang='lat' dir='ltr'>nostri</span> <span class='ocrx_word' id='word_1_70' title='bbox 357 1898 583 1981; x_wconf 88' lang='lat' dir='ltr'>contemptum</span> <span class='ocrx_word' id='word_1_71' title='bbox 606 1900 641 1959; x_wconf 89' lang='lat' dir='ltr'>et</span> <span class='ocrx_word' id='word_1_72' title='bbox 673 1892 915 1979; x_wconf 82' lang='lat' dir='ltr'>praejudicium,</span> <span class='ocrx_word' id='word_1_73' title='bbox 938 1895 973 1957; x_wconf 90' lang='lat' dir='ltr'>ct</span> <span class='ocrx_word' id='word_1_74' title='bbox 995 1896 1113 1957; x_wconf 86' lang='lat' dir='ltr'>contra</span> <span class='ocrx_word' id='word_1_75' title='bbox 1143 1892 1284 1958; x_wconf 78' lang='lat' dir='ltr'>somam</span> 
     </span>
     <span class='ocr_line' id='line_1_12' title="bbox 182 1990 1283 2082; baseline 0.001 -22"><span class='ocrx_word' id='word_1_76' title='bbox 182 1990 190 1996; x_wconf 77' lang='grc'><strong>’</strong></span> <span class='ocrx_word' id='word_1_77' title='bbox 229 1996 350 2060; x_wconf 81' lang='lat' dir='ltr'>statuti</span> <span class='ocrx_word' id='word_1_78' title='bbox 396 1996 553 2082; x_wconf 81' lang='lat' dir='ltr'>praedicti.</span> <span class='ocrx_word' id='word_1_79' title='bbox 612 1994 683 2061; x_wconf 91' lang='lat' dir='ltr'>Nos</span> <span class='ocrx_word' id='word_1_80' title='bbox 732 1999 898 2060; x_wconf 87' lang='lat' dir='ltr'>statutum</span> <span class='ocrx_word' id='word_1_81' title='bbox 945 1995 1153 2080; x_wconf 73' lang='lat' dir='ltr'>praedictum,</span> <span class='ocrx_word' id='word_1_82' title='bbox 1194 1996 1283 2062; x_wconf 88' lang='lat' dir='ltr'>dioto</span> 
     </span>
     <span class='ocr_line' id='line_1_13' title="bbox 228 2096 1283 2176; baseline 0.001 -13"><span class='ocrx_word' id='word_1_83' title='bbox 228 2119 317 2162; x_wconf 88' lang='lat' dir='ltr'>anno</span> <span class='ocrx_word' id='word_1_84' title='bbox 340 2098 482 2163; x_wconf 74' lang='lat' dir='ltr'>secumdo</span> <span class='ocrx_word' id='word_1_85' title='bbox 505 2098 643 2176; x_wconf 85' lang='lat' dir='ltr'>editum,</span> <span class='ocrx_word' id='word_1_86' title='bbox 668 2096 909 2163; x_wconf 70' lang='lat' dir='ltr'>insu‘olabiliter</span> <span class='ocrx_word' id='word_1_87' title='bbox 931 2096 1108 2174; x_wconf 86' lang='lat' dir='ltr'>observari,</span> <span class='ocrx_word' id='word_1_88' title='bbox 1132 2106 1167 2163; x_wconf 89' lang='lat' dir='ltr'>et</span> <span class='ocrx_word' id='word_1_89' title='bbox 1199 2098 1283 2164; x_wconf 88' lang='lat' dir='ltr'>illud</span> 
     </span>
     <span class='ocr_line' id='line_1_14' title="bbox 227 2199 1283 2287; baseline 0.001 -23"><span class='ocrx_word' id='word_1_90' title='bbox 227 2201 471 2287; x_wconf 74' lang='lat' dir='ltr'>impugnantes,</span> <span class='ocrx_word' id='word_1_91' title='bbox 485 2200 589 2285; x_wconf 83' lang='lat' dir='ltr'>juxta</span> <span class='ocrx_word' id='word_1_92' title='bbox 610 2200 690 2279; x_wconf 89' lang='lat' dir='ltr'>vim,</span> <span class='ocrx_word' id='word_1_93' title='bbox 713 2199 866 2275; x_wconf 76' lang='lat' dir='ltr'>formam,</span> <span class='ocrx_word' id='word_1_94' title='bbox 889 2202 924 2263; x_wconf 87' lang='lat' dir='ltr'>et</span> <span class='ocrx_word' id='word_1_95' title='bbox 947 2199 1102 2264; x_wconf 82' lang='lat' dir='ltr'>effectum</span> <span class='ocrx_word' id='word_1_96' title='bbox 1124 2199 1283 2286; x_wconf 90' lang='lat' dir='ltr'>ejusdem,</span> 
     </span>
     <span class='ocr_line' id='line_1_15' title="bbox 228 2300 1283 2387; baseline 0 -20"><span class='ocrx_word' id='word_1_97' title='bbox 228 2324 268 2368; x_wconf 89' lang='lat' dir='ltr'>ac</span> <span class='ocrx_word' id='word_1_98' title='bbox 289 2323 405 2387; x_wconf 87' lang='lat' dir='ltr'>poenas</span> <span class='ocrx_word' id='word_1_99' title='bbox 427 2303 463 2367; x_wconf 90' lang='lat' dir='ltr'>in</span> <span class='ocrx_word' id='word_1_100' title='bbox 486 2308 615 2368; x_wconf 84' lang='lat' dir='ltr'>statuto</span> <span class='ocrx_word' id='word_1_101' title='bbox 638 2302 721 2367; x_wconf 87' lang='lat' dir='ltr'>dicti</span> <span class='ocrx_word' id='word_1_102' title='bbox 744 2322 851 2386; x_wconf 86' lang='lat' dir='ltr'>nuper</span> <span class='ocrx_word' id='word_1_103' title='bbox 873 2300 975 2386; x_wconf 87' lang='lat' dir='ltr'>Regis</span> <span class='ocrx_word' id='word_1_104' title='bbox 990 2300 1126 2367; x_wconf 86' lang='lat' dir='ltr'>Ricardi</span> <span class='ocrx_word' id='word_1_105' title='bbox 1149 2308 1283 2368; x_wconf 83' lang='lat' dir='ltr'>conten·</span> 
     </span>
     <span class='ocr_line' id='line_1_16' title="bbox 229 2402 1285 2488; baseline 0.001 -20"><span class='ocrx_word' id='word_1_106' title='bbox 229 2410 292 2481; x_wconf 82' lang='lat' dir='ltr'>tas,</span> <span class='ocrx_word' id='word_1_107' title='bbox 314 2408 355 2469; x_wconf 92' lang='lat' dir='ltr'>ut</span> <span class='ocrx_word' id='word_1_108' title='bbox 377 2408 428 2469; x_wconf 88' lang='lat' dir='ltr'>est</span> <span class='ocrx_word' id='word_1_109' title='bbox 450 2404 588 2482; x_wconf 88' lang='lat' dir='ltr'>dictum,</span> <span class='ocrx_word' id='word_1_110' title='bbox 612 2403 724 2469; x_wconf 80' lang='lat' dir='ltr'>debite</span> <span class='ocrx_word' id='word_1_111' title='bbox 746 2402 903 2488; x_wconf 84' lang='lat' dir='ltr'>castigari</span> <span class='ocrx_word' id='word_1_112' title='bbox 926 2407 961 2467; x_wconf 88' lang='lat' dir='ltr'>et</span> <span class='ocrx_word' id='word_1_113' title='bbox 983 2402 1094 2488; x_wconf 89' lang='lat' dir='ltr'>puniri</span> <span class='ocrx_word' id='word_1_114' title='bbox 1120 2404 1285 2484; x_wconf 80' lang='lat' dir='ltr'>volentes3</span> 
     </span>
     <span class='ocr_line' id='line_1_17' title="bbox 228 2503 1284 2592; baseline 0.004 -23"><span class='ocrx_word' id='word_1_115' title='bbox 228 2506 324 2571; x_wconf 86' lang='lat' dir='ltr'>vobis</span> <span class='ocrx_word' id='word_1_116' title='bbox 355 2506 575 2592; x_wconf 73' lang='lat' dir='ltr'>praecipimus,</span> <span class='ocrx_word' id='word_1_117' title='bbox 608 2504 708 2591; x_wconf 89' lang='lat' dir='ltr'>quod,</span> <span class='ocrx_word' id='word_1_118' title='bbox 740 2506 769 2569; x_wconf 87' lang='lat' dir='ltr'>si</span> <span class='ocrx_word' id='word_1_119' title='bbox 803 2504 973 2570; x_wconf 83' lang='lat' dir='ltr'>Johannes</span> <span class='ocrx_word' id='word_1_120' title='bbox 1007 2503 1102 2570; x_wconf 91' lang='lat' dir='ltr'>Prior</span> <span class='ocrx_word' id='word_1_121' title='bbox 1128 2506 1284 2573; x_wconf 81' lang='lat' dir='ltr'>Ecclesiae</span> 
     </span>
     <span class='ocr_line' id='line_1_18' title="bbox 230 2606 1285 2673; baseline 0 0"><span class='ocrx_word' id='word_1_122' title='bbox 230 2606 358 2673; x_wconf 79' lang='lat' dir='ltr'>Christi</span> <span class='ocrx_word' id='word_1_123' title='bbox 393 2607 643 2673; x_wconf 82' lang='lat' dir='ltr'>Cantuariensis</span> <span class='ocrx_word' id='word_1_124' title='bbox 675 2606 792 2672; x_wconf 81' lang='lat' dir='ltr'>fecerit</span> <span class='ocrx_word' id='word_1_125' title='bbox 830 2628 890 2671; x_wconf 90' lang='lat' dir='ltr'>vos</span> <span class='ocrx_word' id='word_1_126' title='bbox 922 2628 1054 2672; x_wconf 88' lang='lat' dir='ltr'>securos</span> <span class='ocrx_word' id='word_1_127' title='bbox 1091 2606 1132 2673; x_wconf 90' lang='lat' dir='ltr'>de</span> <span class='ocrx_word' id='word_1_128' title='bbox 1166 2608 1285 2673; x_wconf 86' lang='lat' dir='ltr'>ciamio</span> 
     </span>
     <span class='ocr_line' id='line_1_19' title="bbox 230 2708 1287 2797; baseline 0.002 -23"><span class='ocrx_word' id='word_1_129' title='bbox 230 2730 290 2775; x_wconf 88' lang='lat' dir='ltr'>suo</span> <span class='ocrx_word' id='word_1_130' title='bbox 312 2710 414 2796; x_wconf 89' lang='lat' dir='ltr'>prius,</span> <span class='ocrx_word' id='word_1_131' title='bbox 436 2714 526 2787; x_wconf 89' lang='lat' dir='ltr'>tunc,</span> <span class='ocrx_word' id='word_1_132' title='bbox 549 2732 608 2797; x_wconf 91' lang='lat' dir='ltr'>per</span> <span class='ocrx_word' id='word_1_133' title='bbox 641 2714 785 2795; x_wconf 87' lang='lat' dir='ltr'>quatuor</span> <span class='ocrx_word' id='word_1_134' title='bbox 807 2708 927 2794; x_wconf 88' lang='lat' dir='ltr'>probos</span> <span class='ocrx_word' id='word_1_135' title='bbox 949 2713 985 2773; x_wconf 84' lang='lat' dir='ltr'>et</span> <span class='ocrx_word' id='word_1_136' title='bbox 1013 2708 1115 2795; x_wconf 84' lang='lat' dir='ltr'>ligeos</span> <span class='ocrx_word' id='word_1_137' title='bbox 1137 2710 1287 2777; x_wconf 91' lang='lat' dir='ltr'>homines</span> 
     </span>
     <span class='ocr_line' id='line_1_20' title="bbox 229 2810 1285 2899; baseline 0.002 -22"><span class='ocrx_word' id='word_1_138' title='bbox 229 2813 272 2877; x_wconf 85' lang='lat' dir='ltr'>de</span> <span class='ocrx_word' id='word_1_139' title='bbox 317 2812 452 2878; x_wconf 87' lang='lat' dir='ltr'>civitate</span> <span class='ocrx_word' id='word_1_140' title='bbox 490 2812 658 2899; x_wconf 67' lang='lat' dir='ltr'>praedicta,</span> <span class='ocrx_word' id='word_1_141' title='bbox 696 2811 896 2898; x_wconf 86' lang='lat' dir='ltr'>praemunire</span> <span class='ocrx_word' id='word_1_142' title='bbox 942 2810 1074 2877; x_wconf 83' lang='lat' dir='ltr'>faciatis</span> <span class='ocrx_word' id='word_1_143' title='bbox 1112 2812 1285 2899; x_wconf 81' lang='lat' dir='ltr'>praefatum</span> 
     </span>
     <span class='ocr_line' id='line_1_21' title="bbox 230 2913 1287 3000; baseline 0.004 -22"><span class='ocrx_word' id='word_1_144' title='bbox 230 2913 435 2980; x_wconf 89' lang='lat' dir='ltr'>Willelmum</span> <span class='ocrx_word' id='word_1_145' title='bbox 468 2914 566 3000; x_wconf 90' lang='lat' dir='ltr'>apud,</span> <span class='ocrx_word' id='word_1_146' title='bbox 589 2919 649 2979; x_wconf 90' lang='lat' dir='ltr'>etc.</span> <span class='ocrx_word' id='word_1_147' title='bbox 673 2913 762 3000; x_wconf 89' lang='lat' dir='ltr'>quod</span> <span class='ocrx_word' id='word_1_148' title='bbox 794 2913 841 2978; x_wconf 88' lang='lat' dir='ltr'>sit</span> <span class='ocrx_word' id='word_1_149' title='bbox 862 2935 971 2979; x_wconf 87' lang='lat' dir='ltr'>coram</span> <span class='ocrx_word' id='word_1_150' title='bbox 1002 2913 1108 2991; x_wconf 88' lang='lat' dir='ltr'>nobis,</span> <span class='ocrx_word' id='word_1_151' title='bbox 1130 2922 1190 2982; x_wconf 85' lang='lat' dir='ltr'>etc.</span> <span class='ocrx_word' id='word_1_152' title='bbox 1213 2916 1287 2982; x_wconf 91' lang='lat' dir='ltr'>ubi-</span> 
     </span>
     <span class='ocr_line' id='line_1_22' title="bbox 228 3014 1287 3102; baseline 0.001 -20"><span class='ocrx_word' id='word_1_153' title='bbox 228 3037 372 3102; x_wconf 87' lang='lat' dir='ltr'>cumque</span> <span class='ocrx_word' id='word_1_154' title='bbox 403 3021 484 3080; x_wconf 89' lang='lat' dir='ltr'>tunc</span> <span class='ocrx_word' id='word_1_155' title='bbox 514 3014 676 3080; x_wconf 85' lang='lat' dir='ltr'>fuerimus</span> <span class='ocrx_word' id='word_1_156' title='bbox 708 3014 743 3078; x_wconf 91' lang='lat' dir='ltr'>in</span> <span class='ocrx_word' id='word_1_157' title='bbox 776 3014 901 3102; x_wconf 81' lang='lat' dir='ltr'>Anglia</span> <span class='ocrx_word' id='word_1_158' title='bbox 934 3015 978 3081; x_wconf 91' lang='lat' dir='ltr'>ad</span> <span class='ocrx_word' id='word_1_159' title='bbox 1014 3016 1287 3102; x_wconf 86' lang='lat' dir='ltr'>respondendum,</span> 
     </span>
     <span class='ocr_line' id='line_1_23' title="bbox 232 3123 294 3187; baseline 0.081 -5"><span class='ocrx_word' id='word_1_160' title='bbox 232 3123 294 3187; x_wconf 85' lang='lat' dir='ltr'>etc.</span> 
     </span>
    </p>
   </div>
   <div class='ocr_carea' id='block_1_3' title="bbox 231 3426 1434 3704">
    <p class='ocr_par' dir='ltr' id='par_1_3' title="bbox 231 3426 1434 3704">
     <span class='ocr_line' id='line_1_24' title="bbox 231 3426 1434 3504; baseline 0.01 -12"><span class='ocrx_word' id='word_1_161' title='bbox 231 3429 328 3494; x_wconf 90' lang='grc'><strong>1018.</strong></span> <span class='ocrx_word' id='word_1_162' title='bbox 343 3466 389 3477; x_wconf 96' lang='grc'>-</span> <span class='ocrx_word' id='word_1_163' title='bbox 405 3426 556 3494; x_wconf 63' lang='lat' dir='ltr'>mmmm</span> <span class='ocrx_word' id='word_1_164' title='bbox 601 3429 737 3496; x_wconf 78' lang='lat' dir='ltr'>Domui</span> <span class='ocrx_word' id='word_1_165' title='bbox 792 3430 952 3498; x_wconf 83' lang='lat' dir='ltr'>Hnunrcr</span> <span class='ocrx_word' id='word_1_166' title='bbox 999 3432 1282 3499; x_wconf 73' lang='lat' dir='ltr'>Osnrunnmusm</span> <span class='ocrx_word' id='word_1_167' title='bbox 1323 3451 1434 3504; x_wconf 82' lang='lat' dir='ltr'>1ru0v.</span> 
     </span>
     <span class='ocr_line' id='line_1_25' title="bbox 454 3524 1417 3600; baseline 0.005 -5"><span class='ocrx_word' id='word_1_168' title='bbox 454 3533 727 3598; x_wconf 75' lang='lat' dir='ltr'>Ancnmmscom</span> <span class='ocrx_word' id='word_1_169' title='bbox 782 3548 884 3598; x_wconf 77' lang='lat' dir='ltr'>mssa</span> <span class='ocrx_word' id='word_1_170' title='bbox 931 3533 1078 3600; x_wconf 84' lang='lat' dir='ltr'>Domuo</span> <span class='ocrx_word' id='word_1_171' title='bbox 1123 3535 1285 3600; x_wconf 74' lang='lat' dir='ltr'>Jonsnnr</span> <span class='ocrx_word' id='word_1_172' title='bbox 1345 3524 1417 3572; x_wconf 86' lang='lat'><strong>¹⁴⁴¹·</strong></span> 
     </span>
     <span class='ocr_line' id='line_1_26' title="bbox 457 3631 1431 3704; baseline 0.007 -8"><span class='ocrx_word' id='word_1_173' title='bbox 457 3631 580 3697; x_wconf 79' lang='lat' dir='ltr'>Pmom</span> <span class='ocrx_word' id='word_1_174' title='bbox 604 3633 781 3698; x_wconf 74' lang='lat' dir='ltr'>Eccnssm</span> <span class='ocrx_word' id='word_1_175' title='bbox 806 3633 951 3702; x_wconf 84' lang='lat' dir='ltr'>Onnrsrr</span> <span class='ocrx_word' id='word_1_176' title='bbox 976 3634 1268 3704; x_wconf 70' lang='lat' dir='ltr'>ommnmmsrs.</span> <span class='ocrx_word' id='word_1_177' title='bbox 1300 3641 1333 3692; x_wconf 79' lang='lat' dir='ltr'>N·</span> <span class='ocrx_word' id='word_1_178' title='bbox 1349 3643 1431 3696; x_wconf 79' lang='lat' dir='ltr'>1⁷⁸a.</span> 
     </span>
    </p>
   </div>
   <div class='ocr_carea' id='block_1_4' title="bbox 239 3789 1414 3896">
    <p class='ocr_par' dir='ltr' id='par_1_4' title="bbox 239 3789 1414 3896">
     <span class='ocr_line' id='line_1_27' title="bbox 239 3789 1414 3896; baseline 0.009 -28"><span class='ocrx_word' id='word_1_179' title='bbox 239 3789 242 3794; x_wconf 42' lang='lat'><strong>¹</strong></span> <span class='ocrx_word' id='word_1_180' title='bbox 278 3803 321 3869; x_wconf 92' lang='lat' dir='ltr'>In</span> <span class='ocrx_word' id='word_1_181' title='bbox 344 3803 479 3871; x_wconf 76' lang='lat' dir='ltr'>Christo</span> <span class='ocrx_word' id='word_1_182' title='bbox 512 3805 562 3870; x_wconf 86' lang='lat' dir='ltr'>fili</span> <span class='ocrx_word' id='word_1_183' title='bbox 594 3805 765 3872; x_wconf 82' lang='lat' dir='ltr'>sinceriter</span> <span class='ocrx_word' id='word_1_184' title='bbox 799 3807 998 3893; x_wconf 81' lang='lat' dir='ltr'>praedilecte,</span> <span class='ocrx_word' id='word_1_185' title='bbox 1020 3815 1096 3896; x_wconf 88' lang='lat' dir='ltr'>post</span> <span class='ocrx_word' id='word_1_186' title='bbox 1119 3810 1183 3876; x_wconf 94' lang='lat' dir='ltr'>Dei</span> <span class='ocrx_word' id='word_1_187' title='bbox 1212 3833 1288 3879; x_wconf 91' lang='lat' dir='ltr'>nos-</span> <span class='ocrx_word' id='word_1_188' title='bbox 1301 3811 1414 3864; x_wconf 73' lang='lat' dir='ltr'>wiunm</span> 
     </span>
    </p>
   </div>
   <div class='ocr_carea' id='block_1_5' title="bbox 232 3879 1463 4016">
    <p class='ocr_par' dir='ltr' id='par_1_5' title="bbox 232 3879 1463 4016">
     <span class='ocr_line' id='line_1_28' title="bbox 232 3879 1463 4016; baseline 0.016 -49"><span class='ocrx_word' id='word_1_189' title='bbox 232 3909 386 3992; x_wconf 80' lang='lat' dir='ltr'>tramque</span> <span class='ocrx_word' id='word_1_190' title='bbox 407 3905 691 3988; x_wconf 65' lang='lat' dir='ltr'>benedictionem</span> <span class='ocrx_word' id='word_1_191' title='bbox 721 3929 796 3973; x_wconf 90' lang='lat' dir='ltr'>cum</span> <span class='ocrx_word' id='word_1_192' title='bbox 820 3909 961 3975; x_wconf 86' lang='lat' dir='ltr'>dilectus</span> <span class='ocrx_word' id='word_1_193' title='bbox 984 3910 1079 3976; x_wconf 88' lang='lat' dir='ltr'>nobis</span> <span class='ocrx_word' id='word_1_194' title='bbox 1102 3912 1288 3980; x_wconf 88' lang='lat' dir='ltr'>Willelmus</span> <span class='ocrx_word' id='word_1_195' title='bbox 1301 3879 1463 4016; x_wconf 43' lang='lat' dir='ltr'>523}ssss</span> 
     </span>
    </p>
   </div>
   <div class='ocr_carea' id='block_1_6' title="bbox 234 4005 1449 4095">
    <p class='ocr_par' dir='ltr' id='par_1_6' title="bbox 234 4005 1449 4095">
     <span class='ocr_line' id='line_1_29' title="bbox 234 4005 1449 4095; baseline 0.004 -23"><span class='ocrx_word' id='word_1_196' title='bbox 234 4006 354 4084; x_wconf 88' lang='lat' dir='ltr'>Pouns,</span> <span class='ocrx_word' id='word_1_197' title='bbox 393 4005 548 4072; x_wconf 84' lang='lat' dir='ltr'>Ecclesiae</span> <span class='ocrx_word' id='word_1_198' title='bbox 579 4013 701 4072; x_wconf 82' lang='lat' dir='ltr'>nostne</span> <span class='ocrx_word' id='word_1_199' title='bbox 734 4006 984 4074; x_wconf 72' lang='lat' dir='ltr'>cantuariensis</span> <span class='ocrx_word' id='word_1_200' title='bbox 1022 4014 1288 4095; x_wconf 84' lang='lat' dir='ltr'>commonachus,</span> <span class='ocrx_word' id='word_1_201' title='bbox 1301 4015 1449 4087; x_wconf 65' lang='lat' dir='ltr'>3¹¹⁰¹²kwh0</span> 
     </span>
    </p>
   </div>
   <div class='ocr_carea' id='block_1_7' title="bbox 232 4083 1443 4208">
    <p class='ocr_par' dir='ltr' id='par_1_7' title="bbox 232 4083 1443 4208">
     <span class='ocr_line' id='line_1_30' title="bbox 232 4083 1443 4208; baseline 0.012 -36"><span class='ocrx_word' id='word_1_202' title='bbox 232 4108 329 4204; x_wconf 85' lang='lat' dir='ltr'>corde</span> <span class='ocrx_word' id='word_1_203' title='bbox 361 4106 536 4174; x_wconf 87' lang='lat' dir='ltr'>humiliato</span> <span class='ocrx_word' id='word_1_204' title='bbox 567 4114 602 4173; x_wconf 87' lang='lat' dir='ltr'>et</span> <span class='ocrx_word' id='word_1_205' title='bbox 636 4109 788 4188; x_wconf 87' lang='lat' dir='ltr'>contrito,</span> <span class='ocrx_word' id='word_1_206' title='bbox 811 4113 1033 4197; x_wconf 90' lang='lat' dir='ltr'>quantumin</span> <span class='ocrx_word' id='word_1_207' title='bbox 1063 4114 1172 4180; x_wconf 90' lang='lat' dir='ltr'>Deum</span> <span class='ocrx_word' id='word_1_208' title='bbox 1194 4121 1229 4182; x_wconf 81' lang='lat' dir='ltr'>et</span> <span class='ocrx_word' id='word_1_209' title='bbox 1251 4119 1287 4181; x_wconf 90' lang='lat' dir='ltr'>in</span> <span class='ocrx_word' id='word_1_210' title='bbox 1300 4083 1443 4208; x_wconf 45' lang='lat' dir='ltr'>man</span> 
     </span>
    </p>
   </div>
   <div class='ocr_carea' id='block_1_8' title="bbox 233 4209 1424 4304">
    <p class='ocr_par' dir='ltr' id='par_1_8' title="bbox 233 4209 1424 4304">
     <span class='ocr_line' id='line_1_31' title="bbox 233 4209 1424 4304; baseline 0.003 -29"><span class='ocrx_word' id='word_1_211' title='bbox 233 4231 301 4288; x_wconf 89' lang='lat' dir='ltr'>nos,</span> <span class='ocrx_word' id='word_1_212' title='bbox 325 4231 450 4276; x_wconf 84' lang='lat' dir='ltr'>sacram</span> <span class='ocrx_word' id='word_1_213' title='bbox 473 4231 566 4276; x_wconf 87' lang='lat' dir='ltr'>suam</span> <span class='ocrx_word' id='word_1_214' title='bbox 597 4211 833 4297; x_wconf 79' lang='lat' dir='ltr'>professionem</span> <span class='ocrx_word' id='word_1_215' title='bbox 868 4218 991 4279; x_wconf 88' lang='lat' dir='ltr'>temere</span> <span class='ocrx_word' id='word_1_216' title='bbox 1025 4215 1190 4296; x_wconf 84' lang='lat' dir='ltr'>violando,</span> <span class='ocrx_word' id='word_1_217' title='bbox 1212 4209 1392 4304; x_wconf 71' lang='lat' dir='ltr'>pec·tiesos</span> <span class='ocrx_word' id='word_1_218' title='bbox 1419 4279 1424 4290; x_wconf 81' lang='grc'><strong>,</strong></span> 
     </span>
    </p>
   </div>
   <div class='ocr_carea' id='block_1_9' title="bbox 234 4292 1460 4409">
    <p class='ocr_par' dir='ltr' id='par_1_9' title="bbox 234 4292 1460 4409">
     <span class='ocr_line' id='line_1_32' title="bbox 298 4292 1460 4342; baseline 0.001 -15"><span class='ocrx_word' id='word_1_219' title='bbox 298 4311 305 4327; x_wconf 91' lang='grc'><strong>.</strong></span> <span class='ocrx_word' id='word_1_220' title='bbox 542 4312 549 4326; x_wconf 93' lang='grc'><strong>.</strong></span> <span class='ocrx_word' id='word_1_221' title='bbox 588 4312 594 4326; x_wconf 95' lang='grc'><strong>.</strong></span> <span class='ocrx_word' id='word_1_222' title='bbox 706 4312 712 4326; x_wconf 93' lang='grc'>.</span> <span class='ocrx_word' id='word_1_223' title='bbox 856 4314 863 4328; x_wconf 94' lang='grc'><strong>.</strong></span> <span class='ocrx_word' id='word_1_224' title='bbox 894 4315 901 4329; x_wconf 90' lang='grc'><strong>.</strong></span> <span class='ocrx_word' id='word_1_225' title='bbox 1261 4321 1268 4334; x_wconf 91' lang='grc'>,</span> <span class='ocrx_word' id='word_1_226' title='bbox 1298 4292 1460 4342; x_wconf 71' lang='lat' dir='ltr'>prmum,</span> 
     </span>
     <span class='ocr_line' id='line_1_33' title="bbox 234 4312 1395 4409; baseline 0.008 -33"><span class='ocrx_word' id='word_1_227' title='bbox 234 4315 334 4389; x_wconf 88' lang='lat' dir='ltr'>cav1t,</span> <span class='ocrx_word' id='word_1_228' title='bbox 349 4332 409 4396; x_wconf 89' lang='lat' dir='ltr'>pro</span> <span class='ocrx_word' id='word_1_229' title='bbox 433 4331 614 4376; x_wconf 69' lang='lat' dir='ltr'>commisse</span> <span class='ocrx_word' id='word_1_230' title='bbox 638 4334 770 4377; x_wconf 79' lang='lat' dir='ltr'>veniam</span> <span class='ocrx_word' id='word_1_231' title='bbox 787 4312 944 4379; x_wconf 82' lang='lat' dir='ltr'>obmxrus</span> <span class='ocrx_word' id='word_1_232' title='bbox 960 4316 1169 4402; x_wconf 87' lang='lat' dir='ltr'>postulando,</span> <span class='ocrx_word' id='word_1_233' title='bbox 1191 4322 1287 4385; x_wconf 83' lang='lat' dir='ltr'>nobrs</span> <span class='ocrx_word' id='word_1_234' title='bbox 1299 4342 1395 4409; x_wconf 64' lang='lat' dir='ltr'>nenng</span> 
     </span>
    </p>
   </div>
   <div class='ocr_carea' id='block_1_10' title="bbox 235 4409 1445 4538">
    <p class='ocr_par' dir='ltr' id='par_1_10' title="bbox 235 4409 1445 4538">
     <span class='ocr_line' id='line_1_34' title="bbox 235 4409 1445 4538; baseline 0.008 -62"><span class='ocrx_word' id='word_1_235' title='bbox 235 4411 406 4477; x_wconf 88' lang='lat' dir='ltr'>humiliter</span> <span class='ocrx_word' id='word_1_236' title='bbox 429 4434 463 4477; x_wconf 89' lang='lat' dir='ltr'>se</span> <span class='ocrx_word' id='word_1_237' title='bbox 486 4412 650 4490; x_wconf 88' lang='lat' dir='ltr'>submisit,</span> <span class='ocrx_word' id='word_1_238' title='bbox 675 4413 952 4499; x_wconf 72' lang='lat' dir='ltr'>quemadmodum</span> <span class='ocrx_word' id='word_1_239' title='bbox 987 4417 1028 4481; x_wconf 90' lang='lat' dir='ltr'>de</span> <span class='ocrx_word' id='word_1_240' title='bbox 1060 4418 1287 4485; x_wconf 83' lang='lat' dir='ltr'>submittendo</span> <span class='ocrx_word' id='word_1_241' title='bbox 1301 4409 1445 4538; x_wconf 38' lang='lat' dir='ltr'>mztis</span> 
     </span>
    </p>
   </div>
   <div class='ocr_carea' id='block_1_11' title="bbox 253 4659 1291 4806">
    <p class='ocr_par' dir='ltr' id='par_1_11' title="bbox 253 4659 1291 4806">
     <span class='ocr_line' id='line_1_35' title="bbox 270 4659 1291 4723; baseline 0.004 -12"><span class='ocrx_word' id='word_1_242' title='bbox 270 4661 278 4693; x_wconf 89' lang='lat'>¹</span> <span class='ocrx_word' id='word_1_243' title='bbox 296 4659 421 4712; x_wconf 74' lang='lat' dir='ltr'>Macella.</span> <span class='ocrx_word' id='word_1_244' title='bbox 441 4660 505 4712; x_wconf 83' lang='lat' dir='ltr'>This</span> <span class='ocrx_word' id='word_1_245' title='bbox 526 4662 624 4714; x_wconf 89' lang='lat' dir='ltr'>church</span> <span class='ocrx_word' id='word_1_246' title='bbox 644 4677 697 4714; x_wconf 74' lang='lat' dir='ltr'>was</span> <span class='ocrx_word' id='word_1_247' title='bbox 717 4663 811 4712; x_wconf 83' lang='lat' dir='ltr'>known</span> <span class='ocrx_word' id='word_1_248' title='bbox 834 4677 863 4711; x_wconf 78' lang='lat' dir='ltr'>aa</span> <span class='ocrx_word' id='word_1_249' title='bbox 882 4663 919 4715; x_wconf 75' lang='lat' dir='ltr'>St</span> <span class='ocrx_word' id='word_1_250' title='bbox 937 4663 1061 4714; x_wconf 84' lang='lat' dir='ltr'>Nicholas</span> <span class='ocrx_word' id='word_1_251' title='bbox 1078 4663 1221 4723; x_wconf 82' lang='lat' dir='ltr'>Shombles,</span> <span class='ocrx_word' id='word_1_252' title='bbox 1241 4666 1291 4715; x_wconf 84' lang='lat' dir='ltr'>and</span> 
     </span>
     <span class='ocr_line' id='line_1_36' title="bbox 253 4740 608 4806; baseline 0.011 -18"><span class='ocrx_word' id='word_1_253' title='bbox 253 4742 327 4790; x_wconf 77' lang='lat' dir='ltr'>stood</span> <span class='ocrx_word' id='word_1_254' title='bbox 340 4740 367 4789; x_wconf 90' lang='lat' dir='ltr'>in</span> <span class='ocrx_word' id='word_1_255' title='bbox 379 4743 504 4806; x_wconf 80' lang='lat' dir='ltr'>Newgate</span> <span class='ocrx_word' id='word_1_256' title='bbox 516 4741 608 4793; x_wconf 77' lang='lat' dir='ltr'>street.</span> 
     </span>
    </p>
   </div>
   <div class='ocr_carea' id='block_1_12' title="bbox 0 0 1693 5800">
    <p class='ocr_par' dir='ltr' id='par_1_12' title="bbox 0 0 1693 5800">
     <span class='ocr_line' id='line_1_37' title="bbox 0 0 1693 5800; baseline 0 0"><span class='ocrx_word' id='word_1_257' title='bbox 0 0 1693 5800; x_wconf 95' lang='lat' dir='ltr'> </span> 
     </span>
    </p>
   </div>
  </div>
 </body>
</html>
