<?xml version="1.0" encoding="UTF-8"?>
<!DOCTYPE html PUBLIC "-//W3C//DTD XHTML 1.0 Transitional//EN"
    "http://www.w3.org/TR/xhtml1/DTD/xhtml1-transitional.dtd">
<html xmlns="http://www.w3.org/1999/xhtml" xml:lang="en" lang="en">
 <head>
  <title>
</title>
<meta http-equiv="Content-Type" content="text/html;charset=utf-8" />
  <meta name='ocr-system' content='tesseract 3.04.00' />
  <meta name='ocr-capabilities' content='ocr_page ocr_carea ocr_par ocr_line ocrx_word'/>
</head>
<body>
  <div class='ocr_page' id='page_1' title='image "./literaecantuari00shepgoog/literaecantuari00shepgoog_0410.png"; bbox 0 0 3350 5800; ppageno 0'>
   <div class='ocr_carea' id='block_1_1' title="bbox 577 878 1249 943">
    <p class='ocr_par' dir='ltr' id='par_1_1' title="bbox 577 878 1249 943">
     <span class='ocr_line' id='line_1_1' title="bbox 577 878 1249 943; baseline 0.004 -4"><span class='ocrx_word' id='word_1_1' title='bbox 577 890 868 941; x_wconf 76' lang='lat' dir='ltr'><strong>carrusmarsrs.</strong></span> <span class='ocrx_word' id='word_1_2' title='bbox 1185 878 1249 943; x_wconf 84' lang='grc'><strong>339</strong></span> 
     </span>
    </p>
   </div>
   <div class='ocr_carea' id='block_1_2' title="bbox 178 1060 1248 4614">
    <p class='ocr_par' dir='ltr' id='par_1_2' title="bbox 178 1060 1248 4614">
     <span class='ocr_line' id='line_1_2' title="bbox 194 1060 1248 1148; baseline -0.001 -23"><span class='ocrx_word' id='word_1_3' title='bbox 194 1060 330 1138; x_wconf 82' lang='lat' dir='ltr'><strong>facient,</strong></span> <span class='ocrx_word' id='word_1_4' title='bbox 353 1081 392 1127; x_wconf 84' lang='lat' dir='ltr'><strong>ac</strong></span> <span class='ocrx_word' id='word_1_5' title='bbox 414 1062 452 1125; x_wconf 91' lang='lat' dir='ltr'><strong>in</strong></span> <span class='ocrx_word' id='word_1_6' title='bbox 475 1062 614 1139; x_wconf 84' lang='lat' dir='ltr'><strong>tumulo,</strong></span> <span class='ocrx_word' id='word_1_7' title='bbox 638 1061 798 1148; x_wconf 88' lang='lat' dir='ltr'><strong>sepulcro,</strong></span> <span class='ocrx_word' id='word_1_8' title='bbox 821 1062 893 1126; x_wconf 90' lang='lat' dir='ltr'><strong>sive</strong></span> <span class='ocrx_word' id='word_1_9' title='bbox 916 1064 1132 1131; x_wconf 87' lang='lat' dir='ltr'><strong>monumento</strong></span> <span class='ocrx_word' id='word_1_10' title='bbox 1165 1079 1248 1145; x_wconf 77' lang='lat' dir='ltr'><strong>prse-</strong></span> 
     </span>
     <span class='ocr_line' id='line_1_3' title="bbox 192 1142 1248 1251; baseline 0 -22"><span class='ocrx_word' id='word_1_11' title='bbox 192 1164 272 1241; x_wconf 80' lang='lat' dir='ltr'><strong>sato,</strong></span> <span class='ocrx_word' id='word_1_12' title='bbox 295 1164 484 1250; x_wconf 73' lang='lat' dir='ltr'>sumptibus</span> <span class='ocrx_word' id='word_1_13' title='bbox 517 1170 552 1229; x_wconf 91' lang='lat' dir='ltr'><strong>et</strong></span> <span class='ocrx_word' id='word_1_14' title='bbox 586 1165 740 1251; x_wconf 73' lang='lat' dir='ltr'>expensis</span> <span class='ocrx_word' id='word_1_15' title='bbox 774 1142 991 1231; x_wconf 79' lang='lat' dir='ltr'><strong>executoruni</strong></span> <span class='ocrx_word' id='word_1_16' title='bbox 1012 1164 1067 1228; x_wconf 88' lang='lat' dir='ltr'><strong>vel</strong></span> <span class='ocrx_word' id='word_1_17' title='bbox 1101 1163 1248 1250; x_wconf 87' lang='lat' dir='ltr'><strong>assigna·</strong></span> 
     </span>
     <span class='ocr_line' id='line_1_4' title="bbox 192 1266 1248 1354; baseline -0.001 -22"><span class='ocrx_word' id='word_1_18' title='bbox 192 1271 303 1332; x_wconf 88' lang='lat' dir='ltr'><strong>torum</strong></span> <span class='ocrx_word' id='word_1_19' title='bbox 337 1268 580 1354; x_wconf 69' lang='lat' dir='ltr'><strong>praedictorum,</strong></span> <span class='ocrx_word' id='word_1_20' title='bbox 602 1268 733 1334; x_wconf 88' lang='lat' dir='ltr'><strong>humari</strong></span> <span class='ocrx_word' id='word_1_21' title='bbox 765 1271 801 1332; x_wconf 90' lang='lat' dir='ltr'><strong>et</strong></span> <span class='ocrx_word' id='word_1_22' title='bbox 834 1266 966 1353; x_wconf 88' lang='lat' dir='ltr'><strong>sepeliri</strong></span> <span class='ocrx_word' id='word_1_23' title='bbox 998 1266 1178 1333; x_wconf 74' lang='lat' dir='ltr'><strong>solenniter</strong></span> <span class='ocrx_word' id='word_1_24' title='bbox 1212 1270 1248 1331; x_wconf 86' lang='lat' dir='ltr'><strong>et</strong></span> 
     </span>
     <span class='ocr_line' id='line_1_5' title="bbox 192 1368 1245 1456; baseline 0 -23"><span class='ocrx_word' id='word_1_25' title='bbox 192 1370 321 1446; x_wconf 87' lang='lat' dir='ltr'><strong>devote,</strong></span> <span class='ocrx_word' id='word_1_26' title='bbox 336 1374 436 1455; x_wconf 92' lang='lat' dir='ltr'><strong>prout</strong></span> <span class='ocrx_word' id='word_1_27' title='bbox 451 1369 552 1444; x_wconf 89' lang='lat' dir='ltr'><strong>dccet,</strong></span> <span class='ocrx_word' id='word_1_28' title='bbox 569 1369 727 1435; x_wconf 87' lang='lat' dir='ltr'><strong>faciemus</strong></span> <span class='ocrx_word' id='word_1_29' title='bbox 749 1375 784 1434; x_wconf 92' lang='lat' dir='ltr'><strong>et</strong></span> <span class='ocrx_word' id='word_1_30' title='bbox 805 1370 952 1447; x_wconf 88' lang='lat' dir='ltr'><strong>facient;</strong></span> <span class='ocrx_word' id='word_1_31' title='bbox 975 1368 1089 1456; x_wconf 83' lang='lat' dir='ltr'><strong>quales</strong></span> <span class='ocrx_word' id='word_1_32' title='bbox 1112 1369 1245 1455; x_wconf 90' lang='lat' dir='ltr'><strong>quidem</strong></span> 
     </span>
     <span class='ocr_line' id='line_1_6' title="bbox 191 1470 1245 1558; baseline 0.002 -23"><span class='ocrx_word' id='word_1_33' title='bbox 191 1476 345 1556; x_wconf 88' lang='lat' dir='ltr'><strong>sumptus</strong></span> <span class='ocrx_word' id='word_1_34' title='bbox 377 1476 412 1536; x_wconf 92' lang='lat' dir='ltr'><strong>et</strong></span> <span class='ocrx_word' id='word_1_35' title='bbox 435 1492 596 1558; x_wconf 86' lang='lat' dir='ltr'><strong>expensas</strong></span> <span class='ocrx_word' id='word_1_36' title='bbox 627 1479 819 1538; x_wconf 72' lang='lat' dir='ltr'><strong>executores</strong></span> <span class='ocrx_word' id='word_1_37' title='bbox 843 1477 878 1537; x_wconf 87' lang='lat' dir='ltr'><strong>et</strong></span> <span class='ocrx_word' id='word_1_38' title='bbox 908 1470 1067 1557; x_wconf 84' lang='lat' dir='ltr'><strong>assignati</strong></span> <span class='ocrx_word' id='word_1_39' title='bbox 1104 1470 1245 1537; x_wconf 88' lang='lat' dir='ltr'><strong>aliorum</strong></span> 
     </span>
     <span class='ocr_line' id='line_1_7' title="bbox 191 1572 1244 1659; baseline 0.001 -21"><span class='ocrx_word' id='word_1_40' title='bbox 191 1572 518 1659; x_wconf 81' lang='lat' dir='ltr'><strong>Arcbiepisooperum</strong></span> <span class='ocrx_word' id='word_1_41' title='bbox 555 1574 592 1637; x_wconf 92' lang='lat' dir='ltr'><strong>in</strong></span> <span class='ocrx_word' id='word_1_42' title='bbox 630 1572 692 1637; x_wconf 87' lang='lat' dir='ltr'><strong>tali</strong></span> <span class='ocrx_word' id='word_1_43' title='bbox 731 1594 806 1639; x_wconf 85' lang='lat' dir='ltr'><strong>casu</strong></span> <span class='ocrx_word' id='word_1_44' title='bbox 846 1573 972 1639; x_wconf 87' lang='lat' dir='ltr'><strong>solvere</strong></span> <span class='ocrx_word' id='word_1_45' title='bbox 1010 1579 1047 1639; x_wconf 88' lang='lat' dir='ltr'><strong>et</strong></span> <span class='ocrx_word' id='word_1_46' title='bbox 1080 1594 1244 1659; x_wconf 85' lang='lat' dir='ltr'><strong>exponere</strong></span> 
     </span>
     <span class='ocr_line' id='line_1_8' title="bbox 190 1672 1244 1760; baseline 0 -21"><span class='ocrx_word' id='word_1_47' title='bbox 190 1680 441 1739; x_wconf 85' lang='lat' dir='ltr'><strong>consueverunt.</strong></span> <span class='ocrx_word' id='word_1_48' title='bbox 497 1672 724 1739; x_wconf 69' lang='lat' dir='ltr'><strong>concedentes</strong></span> <span class='ocrx_word' id='word_1_49' title='bbox 755 1674 899 1759; x_wconf 81' lang='lat' dir='ltr'><strong>insuper,</strong></span> <span class='ocrx_word' id='word_1_50' title='bbox 933 1674 1174 1760; x_wconf 87' lang='lat' dir='ltr'><strong>promittentes,</strong></span> <span class='ocrx_word' id='word_1_51' title='bbox 1209 1678 1244 1739; x_wconf 89' lang='lat' dir='ltr'><strong>et</strong></span> 
     </span>
     <span class='ocr_line' id='line_1_9' title="bbox 190 1773 1242 1862; baseline 0 -23"><span class='ocrx_word' id='word_1_52' title='bbox 190 1773 385 1861; x_wconf 74' lang='lat' dir='ltr'><strong>obligantes,</strong></span> <span class='ocrx_word' id='word_1_53' title='bbox 407 1796 445 1843; x_wconf 86' lang='lat' dir='ltr'><strong>ac</strong></span> <span class='ocrx_word' id='word_1_54' title='bbox 476 1776 696 1853; x_wconf 89' lang='lat' dir='ltr'><strong>concedimus,</strong></span> <span class='ocrx_word' id='word_1_55' title='bbox 718 1776 955 1862; x_wconf 84' lang='lat' dir='ltr'><strong>promittimus,</strong></span> <span class='ocrx_word' id='word_1_56' title='bbox 979 1779 1014 1840; x_wconf 91' lang='lat' dir='ltr'><strong>et</strong></span> <span class='ocrx_word' id='word_1_57' title='bbox 1048 1775 1242 1861; x_wconf 87' lang='lat' dir='ltr'><strong>obligamus,</strong></span> 
     </span>
     <span class='ocr_line' id='line_1_10' title="bbox 189 1876 1243 1965; baseline 0.001 -23"><span class='ocrx_word' id='word_1_58' title='bbox 189 1900 247 1965; x_wconf 92' lang='lat' dir='ltr'><strong>per</strong></span> <span class='ocrx_word' id='word_1_59' title='bbox 277 1883 465 1964; x_wconf 87' lang='lat' dir='ltr'><strong>praesentes,</strong></span> <span class='ocrx_word' id='word_1_60' title='bbox 489 1899 548 1964; x_wconf 91' lang='lat' dir='ltr'><strong>pro</strong></span> <span class='ocrx_word' id='word_1_61' title='bbox 575 1878 671 1943; x_wconf 88' lang='lat' dir='ltr'><strong>nobie</strong></span> <span class='ocrx_word' id='word_1_62' title='bbox 694 1882 729 1944; x_wconf 90' lang='lat' dir='ltr'><strong>et</strong></span> <span class='ocrx_word' id='word_1_63' title='bbox 762 1876 1004 1943; x_wconf 81' lang='lat' dir='ltr'><strong>successoribus</strong></span> <span class='ocrx_word' id='word_1_64' title='bbox 1037 1878 1159 1942; x_wconf 85' lang='lat' dir='ltr'><strong>nostris</strong></span> <span class='ocrx_word' id='word_1_65' title='bbox 1182 1898 1243 1964; x_wconf 89' lang='lat' dir='ltr'><strong>pro</strong></span> 
     </span>
     <span class='ocr_line' id='line_1_11' title="bbox 189 1977 1243 2065; baseline 0.001 -21"><span class='ocrx_word' id='word_1_66' title='bbox 189 1984 357 2065; x_wconf 89' lang='lat' dir='ltr'><strong>perpetuo,</strong></span> <span class='ocrx_word' id='word_1_67' title='bbox 373 1980 410 2043; x_wconf 91' lang='lat' dir='ltr'><strong>in</strong></span> <span class='ocrx_word' id='word_1_68' title='bbox 432 1979 496 2045; x_wconf 87' lang='lat' dir='ltr'><strong>fide</strong></span> <span class='ocrx_word' id='word_1_69' title='bbox 520 1984 555 2045; x_wconf 88' lang='lat' dir='ltr'><strong>et</strong></span> <span class='ocrx_word' id='word_1_70' title='bbox 577 1980 794 2065; x_wconf 85' lang='lat' dir='ltr'><strong>promissione</strong></span> <span class='ocrx_word' id='word_1_71' title='bbox 817 2001 884 2064; x_wconf 87' lang='lat' dir='ltr'><strong>qua</strong></span> <span class='ocrx_word' id='word_1_72' title='bbox 900 1977 1053 2045; x_wconf 78' lang='lat' dir='ltr'><strong>Ecclesiae</strong></span> <span class='ocrx_word' id='word_1_73' title='bbox 1076 1980 1243 2065; x_wconf 70' lang='lat' dir='ltr'><strong>praedictae</strong></span> 
     </span>
     <span class='ocr_line' id='line_1_12' title="bbox 188 2080 1242 2169; baseline 0 -22"><span class='ocrx_word' id='word_1_74' title='bbox 188 2088 341 2147; x_wconf 90' lang='lat' dir='ltr'><strong>tenemur</strong></span> <span class='ocrx_word' id='word_1_75' title='bbox 370 2088 406 2147; x_wconf 84' lang='lat' dir='ltr'><strong>et</strong></span> <span class='ocrx_word' id='word_1_76' title='bbox 442 2082 666 2169; x_wconf 79' lang='lat' dir='ltr'><strong>astringimur,</strong></span> <span class='ocrx_word' id='word_1_77' title='bbox 699 2087 734 2148; x_wconf 87' lang='lat' dir='ltr'><strong>et</strong></span> <span class='ocrx_word' id='word_1_78' title='bbox 765 2080 867 2147; x_wconf 89' lang='lat' dir='ltr'><strong>iidem</strong></span> <span class='ocrx_word' id='word_1_79' title='bbox 899 2102 1099 2147; x_wconf 87' lang='lat' dir='ltr'><strong>successores</strong></span> <span class='ocrx_word' id='word_1_80' title='bbox 1136 2083 1242 2147; x_wconf 89' lang='lat' dir='ltr'><strong>nostri</strong></span> 
     </span>
     <span class='ocr_line' id='line_1_13' title="bbox 187 2183 1241 2272; baseline 0.001 -24"><span class='ocrx_word' id='word_1_81' title='bbox 187 2184 393 2249; x_wconf 87' lang='lat' dir='ltr'><strong>tenebuntur</strong></span> <span class='ocrx_word' id='word_1_82' title='bbox 416 2189 451 2249; x_wconf 90' lang='lat' dir='ltr'><strong>et</strong></span> <span class='ocrx_word' id='word_1_83' title='bbox 481 2185 719 2272; x_wconf 81' lang='lat' dir='ltr'><strong>astringentur,</strong></span> <span class='ocrx_word' id='word_1_84' title='bbox 743 2184 832 2268; x_wconf 91' lang='lat' dir='ltr'><strong>qued</strong></span> <span class='ocrx_word' id='word_1_85' title='bbox 855 2204 916 2249; x_wconf 91' lang='lat' dir='ltr'><strong>nec</strong></span> <span class='ocrx_word' id='word_1_86' title='bbox 938 2204 998 2248; x_wconf 85' lang='lat' dir='ltr'><strong>nos</strong></span> <span class='ocrx_word' id='word_1_87' title='bbox 1021 2204 1128 2269; x_wconf 89' lang='lat' dir='ltr'><strong>neque</strong></span> <span class='ocrx_word' id='word_1_88' title='bbox 1160 2183 1241 2250; x_wconf 89' lang='lat' dir='ltr'><strong>dicti</strong></span> 
     </span>
     <span class='ocr_line' id='line_1_14' title="bbox 187 2284 1241 2371; baseline 0 -21"><span class='ocrx_word' id='word_1_89' title='bbox 187 2306 386 2352; x_wconf 85' lang='lat' dir='ltr'><strong>successores</strong></span> <span class='ocrx_word' id='word_1_90' title='bbox 408 2286 514 2351; x_wconf 85' lang='lat' dir='ltr'><strong>nestri</strong></span> <span class='ocrx_word' id='word_1_91' title='bbox 536 2285 755 2370; x_wconf 79' lang='lat' dir='ltr'><strong>imposterum</strong></span> <span class='ocrx_word' id='word_1_92' title='bbox 778 2284 947 2371; x_wconf 89' lang='lat' dir='ltr'><strong>capellam,</strong></span> <span class='ocrx_word' id='word_1_93' title='bbox 963 2284 1154 2361; x_wconf 82' lang='lat' dir='ltr'><strong>oratorium,</strong></span> <span class='ocrx_word' id='word_1_94' title='bbox 1171 2284 1241 2350; x_wconf 89' lang='lat' dir='ltr'><strong>sive</strong></span> 
     </span>
     <span class='ocr_line' id='line_1_15' title="bbox 186 2386 1242 2472; baseline 0 -20"><span class='ocrx_word' id='word_1_95' title='bbox 186 2386 301 2464; x_wconf 89' lang='lat' dir='ltr'><strong>altare,</strong></span> <span class='ocrx_word' id='word_1_96' title='bbox 335 2386 512 2465; x_wconf 91' lang='lat' dir='ltr'><strong>tumulum,</strong></span> <span class='ocrx_word' id='word_1_97' title='bbox 544 2387 740 2472; x_wconf 87' lang='lat' dir='ltr'><strong>sepulcrum,</strong></span> <span class='ocrx_word' id='word_1_98' title='bbox 772 2390 833 2451; x_wconf 90' lang='lat' dir='ltr'><strong>aut</strong></span> <span class='ocrx_word' id='word_1_99' title='bbox 865 2389 1125 2465; x_wconf 88' lang='lat' dir='ltr'><strong>monumentum,</strong></span> <span class='ocrx_word' id='word_1_100' title='bbox 1158 2406 1242 2472; x_wconf 81' lang='lat' dir='ltr'><strong>prae·</strong></span> 
     </span>
     <span class='ocr_line' id='line_1_16' title="bbox 187 2486 1241 2573; baseline 0 -20"><span class='ocrx_word' id='word_1_101' title='bbox 187 2487 278 2555; x_wconf 81' lang='lat' dir='ltr'><strong>dicto</strong></span> <span class='ocrx_word' id='word_1_102' title='bbox 299 2510 361 2555; x_wconf 92' lang='lat' dir='ltr'><strong>nec</strong></span> <span class='ocrx_word' id='word_1_103' title='bbox 392 2488 506 2573; x_wconf 89' lang='lat' dir='ltr'><strong>aliqua</strong></span> <span class='ocrx_word' id='word_1_104' title='bbox 536 2487 718 2552; x_wconf 90' lang='lat' dir='ltr'><strong>eorundem</strong></span> <span class='ocrx_word' id='word_1_105' title='bbox 740 2492 802 2552; x_wconf 91' lang='lat' dir='ltr'><strong>aut</strong></span> <span class='ocrx_word' id='word_1_106' title='bbox 835 2486 975 2571; x_wconf 90' lang='lat' dir='ltr'><strong>alicujus</strong></span> <span class='ocrx_word' id='word_1_107' title='bbox 1008 2492 1146 2573; x_wconf 89' lang='lat' dir='ltr'><strong>partem,</strong></span> <span class='ocrx_word' id='word_1_108' title='bbox 1169 2488 1241 2553; x_wconf 90' lang='lat' dir='ltr'><strong>sive</strong></span> 
     </span>
     <span class='ocr_line' id='line_1_17' title="bbox 185 2586 1239 2676; baseline 0 -23"><span class='ocrx_word' id='word_1_109' title='bbox 185 2588 347 2676; x_wconf 82' lang='lat' dir='ltr'><strong>imagines</strong></span> <span class='ocrx_word' id='word_1_110' title='bbox 378 2589 502 2654; x_wconf 90' lang='lat' dir='ltr'><strong>ibidem</strong></span> <span class='ocrx_word' id='word_1_111' title='bbox 535 2586 832 2675; x_wconf 84' lang='lat' dir='ltr'><strong>exsculptus,eun1</strong></span> <span class='ocrx_word' id='word_1_112' title='bbox 865 2587 1032 2674; x_wconf 75' lang='lat' dir='ltr'><strong>lapidibus</strong></span> <span class='ocrx_word' id='word_1_113' title='bbox 1060 2588 1239 2676; x_wconf 84' lang='lat' dir='ltr'><strong>quadratis,</strong></span> 
     </span>
     <span class='ocr_line' id='line_1_18' title="bbox 184 2688 1239 2777; baseline -0.001 -21"><span class='ocrx_word' id='word_1_114' title='bbox 184 2712 292 2777; x_wconf 89' lang='lat' dir='ltr'><strong>neque</strong></span> <span class='ocrx_word' id='word_1_115' title='bbox 329 2692 511 2758; x_wconf 81' lang='lat' dir='ltr'><strong>clausuram</strong></span> <span class='ocrx_word' id='word_1_116' title='bbox 550 2690 699 2768; x_wconf 81' lang='lat' dir='ltr'><strong>ferream,</strong></span> <span class='ocrx_word' id='word_1_117' title='bbox 730 2688 785 2756; x_wconf 85' lang='lat' dir='ltr'><strong>vel</strong></span> <span class='ocrx_word' id='word_1_118' title='bbox 821 2688 968 2776; x_wconf 87' lang='lat' dir='ltr'><strong>aliquam</strong></span> <span class='ocrx_word' id='word_1_119' title='bbox 1002 2691 1074 2777; x_wconf 87' lang='lat' dir='ltr'><strong>ejus</strong></span> <span class='ocrx_word' id='word_1_120' title='bbox 1112 2696 1239 2777; x_wconf 84' lang='lat' dir='ltr'><strong>purtem</strong></span> 
     </span>
     <span class='ocr_line' id='line_1_19' title="bbox 185 2791 1239 2880; baseline -0.003 -20"><span class='ocrx_word' id='word_1_121' title='bbox 185 2814 334 2880; x_wconf 88' lang='lat' dir='ltr'><strong>unquam</strong></span> <span class='ocrx_word' id='word_1_122' title='bbox 356 2792 584 2859; x_wconf 87' lang='lat' dir='ltr'><strong>amovebimus</strong></span> <span class='ocrx_word' id='word_1_123' title='bbox 607 2792 661 2856; x_wconf 85' lang='lat' dir='ltr'><strong>vel</strong></span> <span class='ocrx_word' id='word_1_124' title='bbox 684 2792 897 2870; x_wconf 85' lang='lat' dir='ltr'><strong>amovebunt,</strong></span> <span class='ocrx_word' id='word_1_125' title='bbox 914 2791 1170 2859; x_wconf 82' lang='lat' dir='ltr'><strong>transferremus</strong></span> <span class='ocrx_word' id='word_1_126' title='bbox 1185 2792 1239 2859; x_wconf 85' lang='lat' dir='ltr'><strong>vel</strong></span> 
     </span>
     <span class='ocr_line' id='line_1_20' title="bbox 186 2893 1238 2976; baseline -0.002 -14"><span class='ocrx_word' id='word_1_127' title='bbox 186 2895 412 2974; x_wconf 86' lang='lat' dir='ltr'><strong>transferrent,</strong></span> <span class='ocrx_word' id='word_1_128' title='bbox 427 2901 488 2961; x_wconf 86' lang='lat' dir='ltr'><strong>aut</strong></span> <span class='ocrx_word' id='word_1_129' title='bbox 510 2894 646 2974; x_wconf 88' lang='lat' dir='ltr'><strong>moveri,</strong></span> <span class='ocrx_word' id='word_1_130' title='bbox 662 2894 844 2973; x_wconf 82' lang='lat' dir='ltr'><strong>transferri,</strong></span> <span class='ocrx_word' id='word_1_131' title='bbox 861 2893 993 2974; x_wconf 84' lang='lat' dir='ltr'><strong>auferri,</strong></span> <span class='ocrx_word' id='word_1_132' title='bbox 1009 2894 1063 2962; x_wconf 85' lang='lat' dir='ltr'><strong>vel</strong></span> <span class='ocrx_word' id='word_1_133' title='bbox 1079 2894 1238 2976; x_wconf 88' lang='lat' dir='ltr'><strong>demoliri,</strong></span> 
     </span>
     <span class='ocr_line' id='line_1_21' title="bbox 185 2997 1240 3086; baseline -0.001 -21"><span class='ocrx_word' id='word_1_134' title='bbox 185 3005 349 3086; x_wconf 84' lang='lat' dir='ltr'><strong>quantum</strong></span> <span class='ocrx_word' id='word_1_135' title='bbox 379 3003 449 3065; x_wconf 90' lang='lat' dir='ltr'><strong>tam</strong></span> <span class='ocrx_word' id='word_1_136' title='bbox 473 2998 509 3062; x_wconf 91' lang='lat' dir='ltr'><strong>in</strong></span> <span class='ocrx_word' id='word_1_137' title='bbox 530 2997 627 3062; x_wconf 88' lang='lat' dir='ltr'><strong>nobis</strong></span> <span class='ocrx_word' id='word_1_138' title='bbox 655 3002 706 3063; x_wconf 88' lang='lat' dir='ltr'><strong>cst</strong></span> <span class='ocrx_word' id='word_1_139' title='bbox 728 3018 828 3084; x_wconf 88' lang='lat' dir='ltr'><strong>quam</strong></span> <span class='ocrx_word' id='word_1_140' title='bbox 851 2999 887 3062; x_wconf 93' lang='lat' dir='ltr'><strong>in</strong></span> <span class='ocrx_word' id='word_1_141' title='bbox 910 2997 957 3063; x_wconf 87' lang='lat' dir='ltr'><strong>eis</strong></span> <span class='ocrx_word' id='word_1_142' title='bbox 988 2998 1059 3076; x_wconf 85' lang='lat' dir='ltr'><strong>erit,</strong></span> <span class='ocrx_word' id='word_1_143' title='bbox 1082 2999 1240 3066; x_wconf 78' lang='lat' dir='ltr'><strong>faciemus</strong></span> 
     </span>
     <span class='ocr_line' id='line_1_22' title="bbox 184 3099 1239 3188; baseline 0 -20"><span class='ocrx_word' id='word_1_144' title='bbox 184 3101 239 3168; x_wconf 85' lang='lat' dir='ltr'><strong>vel</strong></span> <span class='ocrx_word' id='word_1_145' title='bbox 269 3100 401 3178; x_wconf 85' lang='lat' dir='ltr'><strong>facient,</strong></span> <span class='ocrx_word' id='word_1_146' title='bbox 434 3099 664 3188; x_wconf 89' lang='lat' dir='ltr'><strong>permittemus</strong></span> <span class='ocrx_word' id='word_1_147' title='bbox 698 3120 756 3165; x_wconf 87' lang='lat' dir='ltr'><strong>seu</strong></span> <span class='ocrx_word' id='word_1_148' title='bbox 793 3099 1013 3186; x_wconf 87' lang='lat' dir='ltr'><strong>permittent.l</strong></span> <span class='ocrx_word' id='word_1_149' title='bbox 1074 3101 1239 3168; x_wconf 82' lang='lat' dir='ltr'><strong>Praeterea</strong></span> 
     </span>
     <span class='ocr_line' id='line_1_23' title="bbox 184 3200 1239 3290; baseline 0.002 -22"><span class='ocrx_word' id='word_1_150' title='bbox 184 3224 245 3270; x_wconf 89' lang='lat' dir='ltr'><strong>nos</strong></span> <span class='ocrx_word' id='word_1_151' title='bbox 267 3208 302 3270; x_wconf 93' lang='lat' dir='ltr'><strong>et</strong></span> <span class='ocrx_word' id='word_1_152' title='bbox 323 3202 501 3290; x_wconf 84' lang='lat' dir='ltr'><strong>praenotati</strong></span> <span class='ocrx_word' id='word_1_153' title='bbox 533 3200 732 3268; x_wconf 86' lang='lat' dir='ltr'><strong>successores</strong></span> <span class='ocrx_word' id='word_1_154' title='bbox 764 3203 879 3282; x_wconf 87' lang='lat' dir='ltr'><strong>nostri,</strong></span> <span class='ocrx_word' id='word_1_155' title='bbox 903 3223 1119 3290; x_wconf 79' lang='lat' dir='ltr'><strong>quoecumque</strong></span> <span class='ocrx_word' id='word_1_156' title='bbox 1151 3203 1239 3270; x_wconf 87' lang='lat' dir='ltr'><strong>bona</strong></span> 
     </span>
     <span class='ocr_line' id='line_1_24' title="bbox 183 3303 1236 3391; baseline -0.001 -20"><span class='ocrx_word' id='word_1_157' title='bbox 183 3306 254 3372; x_wconf 86' lang='lat' dir='ltr'><strong>sive</strong></span> <span class='ocrx_word' id='word_1_158' title='bbox 284 3309 487 3381; x_wconf 87' lang='lat' dir='ltr'><strong>ornamenta,</strong></span> <span class='ocrx_word' id='word_1_159' title='bbox 508 3325 569 3390; x_wconf 84' lang='lat' dir='ltr'><strong>per</strong></span> <span class='ocrx_word' id='word_1_160' title='bbox 590 3304 729 3369; x_wconf 89' lang='lat' dir='ltr'><strong>eundem</strong></span> <span class='ocrx_word' id='word_1_161' title='bbox 763 3303 1074 3370; x_wconf 89' lang='lat' dir='ltr'><strong>reverendissimum</strong></span> <span class='ocrx_word' id='word_1_162' title='bbox 1108 3311 1236 3391; x_wconf 83' lang='lat' dir='ltr'><strong>patrem</strong></span> 
     </span>
     <span class='ocr_line' id='line_1_25' title="bbox 183 3405 1238 3492; baseline 0.001 -20"><span class='ocrx_word' id='word_1_163' title='bbox 183 3407 375 3492; x_wconf 88' lang='lat' dir='ltr'><strong>hujusmodi</strong></span> <span class='ocrx_word' id='word_1_164' title='bbox 409 3406 567 3472; x_wconf 83' lang='lat' dir='ltr'><strong>canturiae</strong></span> <span class='ocrx_word' id='word_1_165' title='bbox 600 3426 660 3491; x_wconf 91' lang='lat' dir='ltr'><strong>pro</strong></span> <span class='ocrx_word' id='word_1_166' title='bbox 692 3405 808 3472; x_wconf 89' lang='lat' dir='ltr'><strong>decore</strong></span> <span class='ocrx_word' id='word_1_167' title='bbox 844 3411 879 3471; x_wconf 88' lang='lat' dir='ltr'><strong>et</strong></span> <span class='ocrx_word' id='word_1_168' title='bbox 905 3411 1027 3472; x_wconf 88' lang='lat' dir='ltr'><strong>ornatu</strong></span> <span class='ocrx_word' id='word_1_169' title='bbox 1051 3410 1086 3471; x_wconf 90' lang='lat' dir='ltr'><strong>et</strong></span> <span class='ocrx_word' id='word_1_170' title='bbox 1118 3406 1238 3473; x_wconf 88' lang='lat' dir='ltr'><strong>funda·</strong></span> 
     </span>
     <span class='ocr_line' id='line_1_26' title="bbox 183 3506 1237 3596; baseline -0.006 -18"><span class='ocrx_word' id='word_1_171' title='bbox 183 3510 274 3578; x_wconf 91' lang='lat' dir='ltr'><strong>tione</strong></span> <span class='ocrx_word' id='word_1_172' title='bbox 308 3508 466 3596; x_wconf 87' lang='lat' dir='ltr'><strong>ejusdem,</strong></span> <span class='ocrx_word' id='word_1_173' title='bbox 488 3507 530 3572; x_wconf 84' lang='lat' dir='ltr'><strong>ad</strong></span> <span class='ocrx_word' id='word_1_174' title='bbox 563 3507 695 3574; x_wconf 88' lang='lat' dir='ltr'><strong>laudem</strong></span> <span class='ocrx_word' id='word_1_175' title='bbox 719 3506 790 3586; x_wconf 89' lang='lat' dir='ltr'><strong>Dei,</strong></span> <span class='ocrx_word' id='word_1_176' title='bbox 813 3507 938 3574; x_wconf 85' lang='lat' dir='ltr'><strong>donata</strong></span> <span class='ocrx_word' id='word_1_177' title='bbox 969 3507 1041 3573; x_wconf 88' lang='lat' dir='ltr'><strong>sive</strong></span> <span class='ocrx_word' id='word_1_178' title='bbox 1073 3508 1237 3588; x_wconf 87' lang='lat' dir='ltr'><strong>donanda,</strong></span> 
     </span>
     <span class='ocr_line' id='line_1_27' title="bbox 181 3607 1237 3698; baseline -0.004 -21"><span class='ocrx_word' id='word_1_179' title='bbox 181 3632 242 3698; x_wconf 91' lang='lat' dir='ltr'><strong>pro</strong></span> <span class='ocrx_word' id='word_1_180' title='bbox 263 3615 423 3697; x_wconf 86' lang='lat' dir='ltr'><strong>perpetuo</strong></span> <span class='ocrx_word' id='word_1_181' title='bbox 446 3609 569 3674; x_wconf 89' lang='lat' dir='ltr'><strong>ibidem</strong></span> <span class='ocrx_word' id='word_1_182' title='bbox 592 3629 793 3685; x_wconf 85' lang='lat' dir='ltr'><strong>remansura,</strong></span> <span class='ocrx_word' id='word_1_183' title='bbox 809 3608 1001 3673; x_wconf 88' lang='lat' dir='ltr'><strong>nullatenus</strong></span> <span class='ocrx_word' id='word_1_184' title='bbox 1016 3607 1237 3674; x_wconf 86' lang='lat' dir='ltr'><strong>alienabimus</strong></span> 
     </span>
     <span class='ocr_line' id='line_1_28' title="bbox 181 3710 1235 3796; baseline -0.001 -17"><span class='ocrx_word' id='word_1_185' title='bbox 181 3718 242 3780; x_wconf 86' lang='lat' dir='ltr'><strong>aut</strong></span> <span class='ocrx_word' id='word_1_186' title='bbox 264 3711 468 3792; x_wconf 89' lang='lat' dir='ltr'><strong>alienabunt,</strong></span> <span class='ocrx_word' id='word_1_187' title='bbox 483 3711 538 3776; x_wconf 86' lang='lat' dir='ltr'><strong>vel</strong></span> <span class='ocrx_word' id='word_1_188' title='bbox 561 3710 699 3776; x_wconf 87' lang='lat' dir='ltr'><strong>alienari</strong></span> <span class='ocrx_word' id='word_1_189' title='bbox 722 3730 783 3796; x_wconf 92' lang='lat' dir='ltr'><strong>pro</strong></span> <span class='ocrx_word' id='word_1_190' title='bbox 805 3731 901 3796; x_wconf 87' lang='lat' dir='ltr'><strong>posse</strong></span> <span class='ocrx_word' id='word_1_191' title='bbox 924 3710 1155 3796; x_wconf 88' lang='lat' dir='ltr'><strong>permittemus</strong></span> <span class='ocrx_word' id='word_1_192' title='bbox 1179 3732 1235 3778; x_wconf 90' lang='lat' dir='ltr'><strong>seu</strong></span> 
     </span>
     <span class='ocr_line' id='line_1_29' title="bbox 180 3812 1236 3902; baseline 0 -22"><span class='ocrx_word' id='word_1_193' title='bbox 180 3816 396 3902; x_wconf 81' lang='lat' dir='ltr'><strong>permittent3</strong></span> <span class='ocrx_word' id='word_1_194' title='bbox 427 3814 485 3880; x_wconf 84' lang='lat' dir='ltr'><strong>sed</strong></span> <span class='ocrx_word' id='word_1_195' title='bbox 517 3813 711 3899; x_wconf 82' lang='lat' dir='ltr'><strong>cuicumque</strong></span> <span class='ocrx_word' id='word_1_196' title='bbox 745 3813 814 3890; x_wconf 91' lang='lat' dir='ltr'><strong>hoc,</strong></span> <span class='ocrx_word' id='word_1_197' title='bbox 850 3817 911 3878; x_wconf 86' lang='lat' dir='ltr'><strong>aut</strong></span> <span class='ocrx_word' id='word_1_198' title='bbox 943 3812 1057 3899; x_wconf 88' lang='lat' dir='ltr'><strong>aliqua</strong></span> <span class='ocrx_word' id='word_1_199' title='bbox 1090 3814 1236 3900; x_wconf 85' lang='lat' dir='ltr'><strong>praemis-</strong></span> 
     </span>
     <span class='ocr_line' id='line_1_30' title="bbox 180 3914 1236 4001; baseline -0.001 -18"><span class='ocrx_word' id='word_1_200' title='bbox 180 3939 300 3995; x_wconf 88' lang='lat' dir='ltr'><strong>serum,</strong></span> <span class='ocrx_word' id='word_1_201' title='bbox 331 3916 439 3982; x_wconf 83' lang='lat' dir='ltr'><strong>facere</strong></span> <span class='ocrx_word' id='word_1_202' title='bbox 471 3919 532 3981; x_wconf 90' lang='lat' dir='ltr'><strong>aut</strong></span> <span class='ocrx_word' id='word_1_203' title='bbox 562 3936 737 4001; x_wconf 86' lang='lat' dir='ltr'><strong>procurare</strong></span> <span class='ocrx_word' id='word_1_204' title='bbox 768 3914 896 3980; x_wconf 90' lang='lat' dir='ltr'><strong>volenti</strong></span> <span class='ocrx_word' id='word_1_205' title='bbox 929 3914 983 3980; x_wconf 90' lang='lat' dir='ltr'><strong>vel</strong></span> <span class='ocrx_word' id='word_1_206' title='bbox 1017 3918 1236 4001; x_wconf 84' lang='lat' dir='ltr'><strong>attemptanti</strong></span> 
     </span>
     <span class='ocr_line' id='line_1_31' title="bbox 180 4015 1237 4102; baseline -0.002 -18"><span class='ocrx_word' id='word_1_207' title='bbox 180 4017 442 4084; x_wconf 84' lang='lat' dir='ltr'><strong>contradicemus</strong></span> <span class='ocrx_word' id='word_1_208' title='bbox 474 4035 635 4101; x_wconf 85' lang='lat' dir='ltr'><strong>expresse,</strong></span> <span class='ocrx_word' id='word_1_209' title='bbox 668 4021 704 4081; x_wconf 91' lang='lat' dir='ltr'><strong>et</strong></span> <span class='ocrx_word' id='word_1_210' title='bbox 734 4019 795 4102; x_wconf 90' lang='lat' dir='ltr'><strong>pro</strong></span> <span class='ocrx_word' id='word_1_211' title='bbox 817 4015 947 4080; x_wconf 80' lang='lat' dir='ltr'><strong>viribus</strong></span> <span class='ocrx_word' id='word_1_212' title='bbox 978 4016 1178 4094; x_wconf 84' lang='lat' dir='ltr'><strong>resistamus,</strong></span> <span class='ocrx_word' id='word_1_213' title='bbox 1201 4021 1237 4084; x_wconf 91' lang='lat' dir='ltr'><strong>et</strong></span> 
     </span>
     <span class='ocr_line' id='line_1_32' title="bbox 178 4116 1236 4206; baseline -0.002 -20"><span class='ocrx_word' id='word_1_214' title='bbox 178 4139 377 4186; x_wconf 86' lang='lat' dir='ltr'><strong>successores</strong></span> <span class='ocrx_word' id='word_1_215' title='bbox 409 4119 515 4183; x_wconf 88' lang='lat' dir='ltr'><strong>nostri</strong></span> <span class='ocrx_word' id='word_1_216' title='bbox 547 4137 660 4182; x_wconf 90' lang='lat' dir='ltr'><strong>omnes</strong></span> <span class='ocrx_word' id='word_1_217' title='bbox 683 4121 718 4182; x_wconf 88' lang='lat' dir='ltr'><strong>et</strong></span> <span class='ocrx_word' id='word_1_218' title='bbox 744 4117 869 4205; x_wconf 84' lang='lat' dir='ltr'><strong>singuli</strong></span> <span class='ocrx_word' id='word_1_219' title='bbox 903 4116 961 4202; x_wconf 91' lang='lat' dir='ltr'><strong>qui</strong></span> <span class='ocrx_word' id='word_1_220' title='bbox 992 4137 1053 4202; x_wconf 92' lang='lat' dir='ltr'><strong>pro</strong></span> <span class='ocrx_word' id='word_1_221' title='bbox 1087 4122 1236 4206; x_wconf 89' lang='lat' dir='ltr'><strong>tempore</strong></span> 
     </span>
     <span class='ocr_line' id='line_1_33' title="bbox 179 4218 1236 4306; baseline 0 -20"><span class='ocrx_word' id='word_1_222' title='bbox 179 4221 308 4287; x_wconf 80' lang='lat' dir='ltr'><strong>fuerint</strong></span> <span class='ocrx_word' id='word_1_223' title='bbox 340 4219 568 4287; x_wconf 86' lang='lat' dir='ltr'><strong>contradicent</strong></span> <span class='ocrx_word' id='word_1_224' title='bbox 599 4223 634 4283; x_wconf 91' lang='lat' dir='ltr'><strong>et</strong></span> <span class='ocrx_word' id='word_1_225' title='bbox 656 4218 814 4284; x_wconf 89' lang='lat' dir='ltr'><strong>resistent</strong></span> <span class='ocrx_word' id='word_1_226' title='bbox 835 4239 895 4304; x_wconf 94' lang='lat' dir='ltr'><strong>pro</strong></span> <span class='ocrx_word' id='word_1_227' title='bbox 929 4239 1029 4305; x_wconf 91' lang='lat' dir='ltr'><strong>posse.</strong></span> <span class='ocrx_word' id='word_1_228' title='bbox 1076 4219 1118 4284; x_wconf 90' lang='lat' dir='ltr'><strong>In</strong></span> <span class='ocrx_word' id='word_1_229' title='bbox 1141 4220 1236 4306; x_wconf 91' lang='lat' dir='ltr'><strong>cujus</strong></span> 
     </span>
     <span class='ocr_line' id='line_1_34' title="bbox 178 4316 1235 4405; baseline -0.001 -18"><span class='ocrx_word' id='word_1_230' title='bbox 178 4323 237 4400; x_wconf 92' lang='lat' dir='ltr'><strong>rei,</strong></span> <span class='ocrx_word' id='word_1_231' title='bbox 259 4327 321 4387; x_wconf 88' lang='lat' dir='ltr'><strong>etc.</strong></span> <span class='ocrx_word' id='word_1_232' title='bbox 366 4319 456 4386; x_wconf 89' lang='lat' dir='ltr'><strong>Data</strong></span> <span class='ocrx_word' id='word_1_233' title='bbox 486 4319 524 4383; x_wconf 90' lang='lat' dir='ltr'><strong>in</strong></span> <span class='ocrx_word' id='word_1_234' title='bbox 545 4318 653 4384; x_wconf 91' lang='lat' dir='ltr'><strong>Domo</strong></span> <span class='ocrx_word' id='word_1_235' title='bbox 687 4324 802 4385; x_wconf 86' lang='lat' dir='ltr'><strong>nestra</strong></span> <span class='ocrx_word' id='word_1_236' title='bbox 825 4316 1022 4405; x_wconf 80' lang='lat' dir='ltr'><strong>Capitulari,</strong></span> <span class='ocrx_word' id='word_1_237' title='bbox 1052 4324 1148 4386; x_wconf 85' lang='lat' dir='ltr'><strong>sexto</strong></span> <span class='ocrx_word' id='word_1_238' title='bbox 1180 4321 1235 4386; x_wconf 91' lang='lat' dir='ltr'><strong>die</strong></span> 
     </span>
     <span class='ocr_line' id='line_1_35' title="bbox 178 4418 1235 4510; baseline -0.003 -20"><span class='ocrx_word' id='word_1_239' title='bbox 178 4424 302 4490; x_wconf 86' lang='lat' dir='ltr'><strong>mensis</strong></span> <span class='ocrx_word' id='word_1_240' title='bbox 325 4421 460 4510; x_wconf 80' lang='lat' dir='ltr'><strong>Aprilis,</strong></span> <span class='ocrx_word' id='word_1_241' title='bbox 482 4440 571 4486; x_wconf 92' lang='lat' dir='ltr'><strong>anno</strong></span> <span class='ocrx_word' id='word_1_242' title='bbox 593 4418 729 4486; x_wconf 90' lang='lat' dir='ltr'><strong>Domini</strong></span> <span class='ocrx_word' id='word_1_243' title='bbox 761 4419 937 4486; x_wconf 90' lang='lat' dir='ltr'><strong>millesimo</strong></span> <span class='ocrx_word' id='word_1_244' title='bbox 968 4419 1235 4506; x_wconf 85' lang='lat' dir='ltr'><strong>quingentesimo</strong></span> 
     </span>
     <span class='ocr_line' id='line_1_36' title="bbox 178 4528 328 4614; baseline 0 -21"><span class='ocrx_word' id='word_1_245' title='bbox 178 4528 328 4614; x_wconf 86' lang='lat' dir='ltr'><strong>septimo.</strong></span> 
     </span>
    </p>
   </div>
   <div class='ocr_carea' id='block_1_3' title="bbox 478 4723 1101 4867">
    <p class='ocr_par' dir='ltr' id='par_1_3' title="bbox 478 4723 1101 4867">
     <span class='ocr_line' id='line_1_37' title="bbox 478 4723 927 4789; baseline 0 -15"><span class='ocrx_word' id='word_1_246' title='bbox 478 4723 488 4758; x_wconf 87' lang='lat'><strong>¹</strong></span> <span class='ocrx_word' id='word_1_247' title='bbox 499 4723 671 4788; x_wconf 73' lang='lat' dir='ltr'><strong>promittimus</strong></span> <span class='ocrx_word' id='word_1_248' title='bbox 676 4725 860 4789; x_wconf 79' lang='lat' dir='ltr'><strong>-proerr‘ttcal,</strong></span> <span class='ocrx_word' id='word_1_249' title='bbox 871 4725 927 4775; x_wconf 86' lang='lat' dir='ltr'><strong>MS.</strong></span> 
     </span>
     <span class='ocr_line' id='line_1_38' title="bbox 1033 4805 1101 4867; baseline 0.015 -1"><span class='ocrx_word' id='word_1_250' title='bbox 1033 4819 1058 4866; x_wconf 83' lang='lat' dir='ltr'><strong>r</strong></span> <span class='ocrx_word' id='word_1_251' title='bbox 1081 4805 1101 4867; x_wconf 81' lang='lat'><strong>2</strong></span> 
     </span>
    </p>
   </div>
   <div class='ocr_carea' id='block_1_4' title="bbox 0 0 1680 5800">
    <p class='ocr_par' dir='ltr' id='par_1_4' title="bbox 0 0 1680 5800">
     <span class='ocr_line' id='line_1_39' title="bbox 0 0 1680 5800; baseline 0 5"><span class='ocrx_word' id='word_1_252' title='bbox 0 0 1680 5800; x_wconf 95' lang='lat' dir='ltr'><strong> </strong></span> 
     </span>
    </p>
   </div>
  </div>
 </body>
</html>
