3350 5800
423 848 488 909 118
883 858 1020 909 arrasa

466 1043 703 1110 Esrrfflnon.
749 1042 855 1110 Item:
887 1044 978 1131 apud
992 1042 1181 1131 llatfarlegh
1196 1064 1321 1110 novum
1339 1044 1474 1127 ornum,

601 1166 725 1211 novum
748 1144 927 1223 stabulum,
949 1149 985 1211 et
1006 1165 1095 1211 nova
1116 1146 1270 1230 poraaria

468 1248 657 1313 Tnasmn.
703 1247 811 1312 Item:
842 1248 931 1333 apud
954 1246 1116 1312 'l'erstane
1138 1268 1264 1313 novum
1286 1248 1419 1313 orrium.

468 1348 596 1416 (larva
641 1348 748 1415 Item:
777 1349 867 1435 apud
899 1347 1006 1434 Olyve
1028 1368 1154 1413 novum
1185 1349 1318 1427 arrium,
1348 1370 1474 1415 novum

599 1450 775 1527 stabulum,
814 1470 903 1515 nova
946 1450 1104 1527 baroaria,
1140 1472 1230 1516 nova
1275 1452 1360 1530 aula,
1398 1474 1475 1519 cum

597 1572 727 1619 camera
759 1552 892 1630 Priona,
923 1556 959 1617 et
992 1551 1126 1638 capella,
1161 1556 1197 1618 et
1228 1553 1304 1619 aliis
1336 1554 1474 1620 cameris

598 1654 798 1721 necessariis.
1435 1650 1441 1658 ”

466 1756 630 1821 Iluam.
690 1754 799 1821 Item:
853 1756 944 1843 apud
981 1755 1138 1841 Mepham
1177 1776 1305 1822 novum
1341 1758 1475 1833 orrium,

600 1877 724 1923 novum
759 1857 940 1939 stabulum,
962 1877 1089 1923 novum
1119 1876 1269 1945 granare,
1292 1878 1368 1924 eum
1401 1858 1475 1924 aliis

596 1959 871 2046 reparationibus

465 2064 681 2129 BERKasoRE.
728 2062 834 2127 Item:
856 2061 948 2149 apud
962 2060 1145 2126 Barkesore
1167 2062 1328 2128 introitus
1342 2062 1475 2129 marisci

597 2165 745 2231 lucratus
767 2165 808 2230 de
832 2165 923 2229 mari

464 2267 645 2332 Rnt'roml
675 2282 723 2329 DE
745 2265 980 2331 Wlfs'fflam
1028 2264 1135 2329 Item:
1180 2265 1269 2350 apud
1301 2264 1474 2330 rectoriam

599 2370 640 2434 de
662 2367 873 2435 Westerham
895 2372 931 2433 et
952 2366 1223 2454 Bedyngbrygge
1249 2367 1475 2453 reparationes

598 2470 757 2557 plurimae.

465 2573 671 2639 Marsuam.
716 2571 821 2637 Item:
855 2570 946 2657 apud
969 2568 1152 2637 Marathum
1184 2591 1309 2637 novum
1343 2571 1475 2644 ortium,

599 2677 634 2739 et
655 2672 766 2760 plures
790 2671 866 2737 alise
888 2672 1123 2758 reparationes.

467 2774 623 2841 Lounon.
668 2772 776 2839 Item:
818 2773 909 2859 apud
943 2772 1083 2837 London
1120 2770 1305 2858 hospitium
1338 2770 1476 2835 Domini

597 2874 719 2942 Prioris
753 2874 848 2961 quasi
885 2873 927 2939 de
957 2894 1045 2939 novo
1078 2874 1276 2940 innovatum
1312 2873 1405 2938 intus
1441 2876 1477 2939 et

599 2979 753 3055 exterius,
776 2998 852 3043 oum
873 2975 1087 3043 lectisterniis
1108 2981 1144 3041 et
1165 2976 1241 3041 aliis
1264 2975 1464 3042 necessariis.

468 3081 645 3148 Onam
691 3079 799 3144 Item:
830 3078 921 3164 apud
943 3077 1117 3163 (lheyham
1138 3097 1228 3143 nova
1249 3076 1404 3144 barcaria.

467 3184 616 3249 Hoasan.
662 3181 768 3247 Item:
799 3180 890 3267 apud
912 3179 1032 3246 Homle
1062 3200 1130 3246 rina
1151 3200 1240 3246 nova
1261 3185 1367 3265 porta,
1401 3200 1476 3246 eum

600 3303 688 3349 nova
710 3283 855 3348 boveria

467 3387 654 3452 mannaan.
710 3384 818 3449 Item:
861 3382 953 3469 apud
985 3381 1151 3469 Risbergh
1182 3403 1308 3449 novum
1340 3382 1474 3461 orrium,

600 3507 732 3573 magnae
747 3484 972 3573 reparationes
994 3485 1081 3550 eirea
1095 3486 1281 3551 manerium
1303 3488 1339 3550 et
1352 3485 1476 3551 molen-

601 3589 725 3654 diuum.

467 3693 647 3759 Boomo.
701 3688 805 3754 Item:
837 3688 926 3773 apud
964 3687 1129 3775 Bookyng
1165 3689 1233 3753 duo
1265 3708 1353 3755 nova
1390 3691 1478 3755 orria

588 3792 746 3880 tegulata,
769 3811 894 3856 novum
917 3790 1096 3869 stabulum,
1120 3794 1156 3856 et
1176 3811 1265 3857 nova
1287 3791 1430 3857 boveria

467 3895 644 3963 Susanna:
712 3891 818 3958 Item:
864 3891 955 3979 apud
1001 3891 1149 3958 Stistede
1186 3913 1312 3959 novum
1350 3894 1475 3960 ortium

598 3995 793 4084 tegulatum.

467 4100 649 4165 Hanunea.
695 4096 802 4162 Item:
833 4095 922 4181 apud
955 4093 1108 4161 Haddele
1142 4097 1368 4182 reparationes
1389 4098 1476 4165 aulae

600 4205 635 4266 et
671 4215 875 4264 camerarum
912 4197 1008 4282 quasi
1042 4196 1083 4262 de
1120 4217 1207 4263 novo
1245 4199 1477 4286 tegulatarum,

600 4301 659 4367 ubi
681 4305 842 4387 perantea
864 4319 933 4364 nou
954 4297 1103 4364 fuerunt

470 4407 743 4475 SOUTHOHUROE.
800 4403 911 4468 Item:
952 4401 1043 4487 apud
1085 4399 1318 4470 Southehureh
1351 4426 1478 4471 novum

593 4507 716 4573 orrium
732 4505 931 4592 tegulatum,
953 4506 989 4568 et
1003 4502 1096 4568 aliud
1111 4503 1152 4569 de
1167 4525 1256 4570 novo
1278 4507 1476 4594 bagulatum,

603 4609 662 4674 ubi
684 4613 842 4694 perantes.
864 4627 932 4672 non
953 4605 1027 4682 fuit,
1052 4612 1087 4671 et
1117 4606 1228 4692 plures
1249 4608 1325 4675 aliae
1347 4631 1479 4696 repara·

605 4710 712 4774 tiones
735 4708 907 4772 domorum
931 4709 966 4772 et
988 4727 1165 4772 murorum.
