3350 5800
639 805 930 857 clarummane.
1241 785 1306 856 147

247 994 454 1056 sacrosancta
477 1011 605 1077 semper
627 991 710 1057 tales
733 991 903 1069 malificos,
926 991 1025 1068 fures,
1050 989 1242 1068 homicidas,
1266 996 1301 1056 et
1315 989 1415 1106 ἔῃ,

248 1088 392 1156 latrones
415 1091 515 1158 solita
536 1091 644 1158 fuerat
667 1093 853 1170 sustinere;
878 1099 913 1158 et
938 1094 1030 1178 quod
1053 1092 1147 1157 Prior
1162 1097 1197 1157 et
1212 1097 1303 1157 totus
1316 1069 1440 1172 mie}

247 1189 442 1258 Conventus
477 1194 596 1260 merito
623 1194 734 1260 forent
758 1195 954 1272 indicandi,
990 1201 1025 1261 et
1060 1194 1102 1260 de
1140 1194 1229 1260 facto
1252 1215 1303 1260 as·
1316 1188 1457 1304 ΨΜ

248 1294 401 1359 serebant
424 1317 522 1380 super
544 1296 609 1361 isto
632 1296 765 1382 negotio
789 1296 921 1361 eosdem
944 1296 1031 1361 velle
1055 1296 1236 1374 indictare3
1269 1263 1474 1383 etaiam?

249 1394 297 1458 ita
319 1401 447 1461 stamus
463 1393 525 1461 sub
549 1397 694 1483 periculo
717 1403 752 1462 et
773 1399 901 1474 timore,
918 1399 1008 1484 quod
1024 1403 1142 1464 contra
1158 1418 1220 1462 nos
1242 1401 1303 1462 aut
1315 1385 1474 1502 {ffi‘tffim

250 1495 430 1562 Ecclesiam
453 1503 600 1564 nostram
615 1499 653 1564 in
667 1501 847 1586 praemissis
870 1500 1038 1565 malitiose
1062 1503 1305 1586 proposuerunt
1317 1518 1408 1583 oneng
1421 1517 1463 1567 ue

249 1602 457 1685 attemptare.
520 1602 565 1666 Et
598 1622 666 1667 non
688 1602 794 1667 solum
829 1602 912 1667 talia
943 1602 1090 1668 nefanda
1121 1603 1194 1666 ausi
1225 1585 1419 1704 suntssfflf

249 1701 381 1785 publice
403 1703 498 1767 nobis
513 1702 643 1781 inferre,
667 1705 912 1770 verumetiam
936 1704 1208 1770 Commissarium
1231 1723 1305 1767 ves·

250 1806 341 1867 trum
386 1804 661 1872 Oantuariensem
710 1807 915 1885 Generalem,
952 1808 989 1872 in
1042 1806 1115 1892 ipsa
1161 1804 1308 1872 Ecclesia

250 1911 364 1972 vestra
379 1907 421 1972 ad
440 1907 567 1990 judicia
591 1909 757 1974 reddenda
780 1909 911 1996 publice
925 1909 1134 1985 residentem,
1151 1914 1185 1973 et
1201 1912 1306 1973 totam

251 2006 387 2073 Curiam
403 2010 488 2074 inibi
504 2016 736 2099 congregatam
752 2011 985 2098 multipliciter
1000 2010 1253 2097 perturbabant,
1272 2014 1307 2073 et

250 2111 352 2175 talem
367 2117 402 2177 et
417 2117 487 2176 tam
503 2114 678 2198 sterpitum
706 2113 888 2179 terribilem
913 2113 999 2179 circa
1015 2113 1150 2179 chorum
1166 2114 1308 2198 (etprua

250 2213 346 2298 cipue
370 2213 455 2280 circa
471 2220 617 2280 vestrum
635 2236 760 2280 novum
784 2216 1051 2300 monumentum)
1068 2214 1192 2299 inipso
1216 2233 1308 2278 sacro

251 2322 286 2381 et
312 2319 483 2382 tremendo
514 2325 662 2404 tempore
686 2317 943 2384 consecrationis
966 2316 1133 2382 Dominici
1165 2316 1309 2401 corporis

251 2423 399 2504 tempore
410 2440 547 2483 summae
559 2419 677 2496 missae,
687 2419 811 2504 absque
825 2420 939 2504 aliqua
953 2418 1106 2484 adbibita
1120 2403 1308 2483 reverentie

252 2525 457 2586 sacramento
473 2520 626 2586 Ecclesiae
638 2520 692 2585 vel
703 2521 811 2598 altari,
827 2542 911 2585 ausu
922 2519 1079 2606 sacrilego
1095 2521 1306 2598 suscitarunt,

251 2623 340 2706 quod
365 2623 438 2708 ipse
468 2623 617 2688 sacerdos
641 2623 805 2708 ceterique
827 2623 942 2689 altaris
967 2623 1113 2688 ministri
1145 2629 1180 2687 et
1214 2626 1306 2686 totus

254 2722 446 2790 Conventus
470 2725 715 2790 ultramodum
746 2727 937 2790 conturbati
973 2731 1060 2802 sunt,
1084 2730 1120 2788 et
1152 2724 1306 2786 divinum

253 2825 396 2893 officium
420 2827 548 2892 notorie
572 2828 822 2915 perturbatum
855 2849 917 2894 nec
947 2828 995 2894 sic
1025 2850 1046 2891 a
1079 2849 1140 2892 sua
1170 2823 1308 2890 vesania

254 2928 420 3013 quiescere
444 2935 635 3016 potuerunt,
666 2931 748 3016 quin
772 2930 873 2995 etiam
898 2930 963 3015 ipsi
987 2929 1112 2994 Ballivi
1135 2932 1170 2993 et
1204 2926 1307 2991 ceteri

254 3030 443 3114 iniquitatis
467 3032 537 3107 filii,
562 3032 777 3118 personaliter
799 3031 991 3118 congregati
1014 3030 1102 3094 inira
1134 3030 1307 3092 missarum

254 3131 435 3217 solempnia
458 3118 497 3196 u't
519 3132 703 3217 praefertur,
726 3133 934 3198 antedictum
953 3132 1112 3217 juvenem
1136 3151 1195 3215 per
1218 3128 1308 3192 clau-

255 3254 363 3297 suram
402 3235 540 3300 ferream
580 3236 683 3300 vestri
718 3236 797 3299 novi
831 3234 1048 3310 monumenti,
1083 3230 1236 3296 manibus
1274 3252 1308 3293 se

255 3340 422 3401 tenentem
446 3341 480 3401 et
503 3358 561 3422 per
584 3338 722 3402 candem
738 3338 922 3402 clausuram
939 3358 973 3401 se
989 3342 1101 3401 tenere
1116 3330 1309 3408 volentem,¹
1348 3366 1352 3370 -

256 3442 329 3503 cum
352 3438 496 3523 pugillis,
533 3442 566 3502 et
600 3438 702 3503 clavis
734 3460 817 3523 quas
849 3439 886 3502 in
918 3439 987 3503 suis
1019 3436 1169 3514 manicis,
1193 3439 1309 3500 contra

254 3539 442 3604 libertatem
465 3545 500 3604 et
522 3539 694 3623 antiquam
722 3539 876 3606 Ecclesiae
898 3546 1019 3604 vestrae
1034 3536 1308 3604 consuetudinem

256 3641 411 3707 hactenus
426 3642 594 3720 usitatam,
605 3662 715 3707 secum
729 3642 930 3719 detulerunt,
946 3640 1087 3706 diversis
1103 3636 1307 3725 impulsioni-

255 3743 317 3808 bus
351 3747 386 3809 et
417 3742 608 3807 verberibus
640 3747 908 3828 compungentes,
931 3747 966 3807 et
1000 3741 1157 3805 atrociter
1179 3744 1307 3825 protra-

256 3843 380 3927 hentes,
414 3866 452 3910 ac
484 3865 542 3930 per
573 3842 757 3911 clausuram
792 3844 931 3908 ferream
965 3842 1068 3907 vestri
1091 3841 1171 3907 novi
1194 3862 1307 3905 monu-

256 3947 371 4025 menti,
410 3945 564 4011 manibus
601 3967 636 4010 se
675 3950 853 4021 tenentem,
887 3944 930 4009 ab
967 3943 1102 4011 ccclesia
1147 3941 1309 4009 violenter·

257 4047 432 4113 extrahere
464 4047 576 4113 conati
607 4052 706 4127 sunt;
729 4054 764 4112 et
797 4048 839 4113 de
873 4046 962 4113 facto
985 4046 1126 4111 ermdem
1144 4045 1305 4131 juvenem

256 4154 368 4215 vestra
390 4149 526 4217 ecclesia
548 4149 782 4225 extraxissent,
816 4148 882 4213 nisi
912 4154 1023 4213 vester
1046 4147 1309 4223 commissarius,

259 4272 329 4319 una
361 4272 438 4319 cum
462 4250 537 4317 aliis
560 4250 715 4317 Ecclesiae
738 4249 969 4328 confratribus,
992 4250 1138 4336 ipsorum
1169 4248 1306 4313 malitiae

257 4353 400 4419 viriliter
422 4352 605 4419 restitisset.
651 4352 741 4419 Nam
764 4351 874 4437 ipsum
896 4372 917 4417 a
948 4356 1060 4417 vestro
1094 4353 1308 4418 monumento

686 4604 695 4639 ¹
706 4604 835 4667 culmem,
847 4606 904 4657 MS.
