3350 5800
606 863 898 914 osurufflnuses.
1213 851 1278 916 149

215 1059 282 1123 pro
311 1041 424 1104 anima
455 1039 549 1104 honre
579 1039 745 1104 memoriae
769 1037 903 1104 Ricardi
926 1039 1162 1126 Whityngton,
1192 1039 1275 1105 civis
1289 1045 1409 1112 question

216 1140 300 1204 dum
328 1141 416 1205 vixit
447 1147 482 1206 et
504 1141 640 1206 merceri
665 1140 914 1216 Londoniensis,
937 1162 975 1205 ac
1005 1141 1155 1220 aliorum,
1173 1113 1451 1230 juxmssiegffl‘

218 1241 455 1308 fundationem
487 1243 569 1307 dicti
602 1242 741 1328 Collegit
773 1242 1061 1320 celebraturorum,
1093 1244 1129 1308 in
1160 1244 1272 1308 eadem
1289 1245 1392 1296 cunct
1403 1254 1432 1295 1⁰

217 1343 357 1410 ecclesia
387 1344 528 1421 fundati,
551 1367 609 1429 per
626 1349 781 1428 vmortem
812 1345 1001 1409 naturalem
1032 1344 1168 1409 Domini
1196 1344 1271 1408 Wil·
1288 1319 1432 1427 {mim

217 1444 314 1509 lelmi
330 1446 469 1525 Brooke,
493 1447 603 1511 ultimi
629 1446 779 1510 Rectoris
803 1445 949 1510 ecclesiae
973 1445 1088 1510 Sancti
1105 1445 1276 1511 Michaelis
1290 1451 1389 1508 ¹00wa
1401 1443 1427 1491 in

219 1551 256 1612 et
292 1547 444 1634 Magistri
483 1547 622 1634 Collegii
654 1546 814 1632 praedicti,
847 1549 904 1631 qui
951 1547 1090 1612 decessit
1121 1547 1277 1612 vicesimo
1289 1509 1432 1636 miii„

218 1655 318 1714 sexto
349 1649 401 1714 die
425 1650 550 1736 Aprilis
582 1650 700 1715 ultimo
732 1649 909 1734 praeterito,
942 1648 1115 1734 Capellani
1145 1643 1442 1735 praesati³t⁰⁰¹t²⁰⁰⁰

220 1749 364 1837 Collegii
387 1751 516 1816 nnllum
547 1751 638 1816 infra
660 1772 805 1814 mensem
838 1750 1027 1835 proximum
1050 1757 1126 1836 post
1148 1751 1275 1816 obitum
1289 1707 1414 1848 {elffii

218 1851 328 1936 ipsius
351 1853 486 1918 Domini
509 1851 667 1917 Willelmi
690 1851 726 1914 in
751 1850 948 1936 Magistrum
972 1850 1119 1936 ejusdem
1136 1852 1275 1938 collegii
1288 1847 1388 1955 ‘¹⁰22'

161 2041 163 2044 Ι
218 1953 398 2039 eligerunt,
421 1954 515 2030 sicut,
541 1955 642 2039 juxta
672 1952 907 2017 fundationem
938 1953 1143 2038 praedictam,
1167 1921 1313 2020 facero⁹'
1360 1941 1380 1956 '⁶

219 2054 413 2120 debuerunt
443 2062 477 2120 et
507 2055 726 2134 tenebantur;
758 2076 827 2130 noa
858 2055 1020 2121 antedicti
1045 2054 1215 2133 Custodes,
1240 2057 1276 2120 in

220 2156 390 2222 defectum
422 2157 568 2244 ipsorum
601 2157 866 2242 Capelianorum,
899 2161 967 2221 tam
1002 2157 1103 2240 juxta
1136 2159 1203 2222 rim
1242 2165 1277 2224 et

221 2257 378 2322 effectum
411 2257 556 2342 ejusdem
588 2257 805 2332 fundationis,
828 2277 927 2341 quam
959 2257 1177 2324 concessionis
1202 2259 1273 2323 sive

220 2358 471 2444 compositionis
503 2360 591 2424 inter
623 2381 682 2423 vos
714 2365 749 2423 et
784 2358 1038 2444 praedecessores
1072 2366 1201 2425 nostros
1239 2360 1275 2423 in

218 2457 286 2523 hac
316 2467 411 2545 parte
443 2461 540 2526 factae
572 2467 607 2525 et
638 2460 839 2526 auctoritate
866 2459 958 2545 regia
992 2461 1202 2536 confirmatae,
1227 2463 1275 2527 di·

220 2562 347 2628 lectum
377 2564 472 2629 nobis
503 2565 537 2628 in
562 2563 698 2629 Christo
722 2564 906 2629 Dominum
929 2563 1117 2630 Johanncm
1142 2565 1276 2642 Clench,

220 2666 334 2732 Socrae
371 2665 506 2752 Paginae
553 2665 781 2740 Professorcm,
828 2664 1045 2751 Capelianum
1091 2667 1277 2745 honestum,

221 2776 445 2846 mansuetum,
486 2778 521 2836 et
565 2772 850 2857 circumspectum,
889 2793 928 2835 ac
972 2773 1047 2836 aliis
1093 2773 1278 2837 virtutibus

222 2873 455 2960 multipliciter
485 2871 693 2959 insignitum,
726 2871 761 2936 in
794 2871 991 2959 Magistrum
1024 2873 1105 2940 dicti
1138 2873 1279 2960 Collegit

224 2976 385 3061 elegimus
408 2975 444 3039 in
474 2974 536 3040 hac
558 2982 672 3062 parte;
704 2996 800 3060 quem
825 2975 971 3060 quidem,
992 2976 1040 3041 sic
1062 2976 1211 3053 electum,
1235 2977 1278 3041 od

223 3077 394 3143 ecclesiam
425 3076 541 3142 Sancti
573 3076 744 3141 Michaelis
774 3076 978 3142 antedictam
1009 3079 1278 3163 praesentandum

223 3180 321 3245 vobis
343 3178 561 3255 nominamus,
577 3178 739 3244 attentius
761 3180 998 3265 supplicantes,
1015 3179 1173 3265 quatinus
1197 3204 1276 3245 eun-

223 3283 301 3347 dem
332 3281 375 3346 ed
405 3281 511 3366 ipsum
542 3279 710 3345 ecclesiam
735 3278 851 3345 Sancti
876 3280 1056 3357 Michaelis,
1074 3282 1176 3364 juxta
1200 3284 1277 3359 vim,

226 3386 376 3461 formam,
411 3389 445 3448 et
490 3383 642 3448 effectum
688 3382 903 3459 fundationis,
943 3384 1171 3463 concessionis,
1209 3387 1279 3450 sivo

122 3512 127 3529 ·
226 3484 476 3571 compositionis
507 3484 764 3561 antedictarum,
795 3483 860 3546 viis
891 3489 925 3547 et
955 3484 1061 3548 modis
1088 3483 1280 3550 melioribus

229 3592 348 3677 quibus
375 3588 539 3673 congruit,
563 3587 746 3675 dignemini
779 3594 984 3673 praesentare.
1033 3589 1075 3653 In
1106 3590 1199 3675 cujus
1222 3592 1280 3669 rei,

228 3702 287 3760 etc.
303 3692 448 3779 sigillum
466 3690 724 3756 Communitatis
740 3690 909 3775 mysteriae
933 3692 1096 3757 merceriae
1112 3694 1280 3777 predicte

229 3792 449 3883 praesentibus
486 3797 536 3857 est
570 3813 760 3879 appensum.
817 3792 943 3856 Datum
975 3792 1167 3868 Londouiis,
1199 3795 1308 3881 dos-0

230 3897 357 3963 decimo
388 3894 441 3959 dic
472 3894 626 3981 Augusti,
656 3915 744 3958 anno
775 3895 869 3979 regui
893 3895 993 3979 Regis
1020 3894 1158 3960 Henrici
1182 3897 1279 3963 Sexti

229 4006 305 4088 post
327 4002 542 4083 conquestum
566 3994 705 4082 quarto.l

266 4247 273 4278 ¹
293 4250 315 4295 ,1
329 4247 398 4311 largo
411 4246 517 4295 number
528 4245 557 4295 ol
566 4247 695 4309 exsrmplcs
707 4246 735 4294 oi
779 4246 883 4311 Collcgc
895 4263 972 4295 occur
983 4246 1008 4295 ln
1025 4248 1067 4298 tho
1080 4248 1166 4300 Christ
1178 4251 1282 4302 Church

227 4324 400 4379 nominatione
424 4332 450 4374 to
480 4324 530 4374 this
559 4325 661 4375 (lauch
683 4326 735 4375 aud
780 4325 906 4389 regis-urs.
