3350 5800
655 901 841 954 mnsam
1205 888 1268 953 381

318 1095 366 1151 W.
386 1094 539 1167 Hertlepe,
558 1093 699 1164 Armiger
718 1091 867 1158 Oclerarii‚
888 1092 961 1147 Rob.
981 1092 1017 1149 de
1040 1090 1107 1161 aly,
1127 1090 1184 1145 dno
1211 1105 1269 1144 ser·

319 1178 433 1235 vientes
451 1178 487 1233 de
506 1177 707 1235 Thesauraria.

252 1262 394 1319 Homines
412 1262 448 1316 de
467 1268 576 1317 mester
589 1262 679 1317 t—W.
707 1261 847 1334 Boywyk,
869 1259 961 1316 Cocus
986 1258 1106 1324 Primis,
1120 1259 1267 1321 Ferraton

321 1346 472 1410 Barbabon
504 1346 550 1402 W.
589 1345 731 1415 Harpen,
763 1342 948 1399 Sbabularins
984 1342 1104 1406 Prior-is,
1132 1341 1268 1397 Nnncins

320 1428 440 1495 Prioris
461 1429 554 1485 (locus
580 1428 758 1494 Conventus,
788 1427 881 1482 Cocus
908 1427 1004 1491 Anlae,
1023 1427 1164 1490 Venabor,
1185 1422 1266 1495 Vigil

320 1512 422 1579 curia,
461 1512 598 1569 Grediber
633 1511 723 1578 villa,
763 1508 908 1567 Salsarius
946 1508 1089 1582 eoqninae,
1126 1506 1270 1579 Magister

323 1595 485 1653 Braciabor.

499 1777 637 1832 Eranusa
655 1791 709 1832 rac
727 1790 810 1833 noan
827 1788 1022 1843 nemausus.

252 1902 309 1956 Pro
326 1898 406 1957 robis
423 1899 593 1965 senescalli,
612 1898 794 1963 clericorum,
808 1904 839 1954 eb
862 1896 994 1963 familia,
1014 1914 1080 1952 enm
1101 1897 1222 1953 sindone
1241 1902 1272 1952 eb
1288 1890 1343 1935 0011
1351 1891 1375 1933 ⁰1
1382 1889 1431 1951 the,

324 1982 437 2056 penes
453 1982 528 2053 nnj.
539 1983 569 2038 a.
588 1980 673 2052 iiija.
693 1979 761 2051 ijs.
1288 1943 1442 2042 ababa?

254 2069 341 2134 nem,
361 2068 526 2125 conada
553 2067 642 2124 habet
668 2067 766 2123 rania
783 2084 837 2139 pro
863 2068 939 2122 roba
963 2068 1009 2125 w.
1029 2066 1204 2133 Lardinarii,
1225 2068 1272 2123 w.
1289 2054 1375 2095 “⁰⁸⁸³

324 2153 352 2208 le
369 2152 487 2221 whyea
507 2153 554 2208 W.
572 2151 608 2206 de
626 2151 777 2221 Herblepe‚
798 2157 828 2205 ab
853 2150 1003 2221 Armigeri
1021 2150 1153 2207 celerarii
1184 2152 1240 2205 lxx.
1250 2170 1271 2205 a.

324 2234 386 2305 viij.
396 2237 423 2291 d.
459 2234 592 2290 Pretium
609 2234 689 2289 robae
707 2232 807 2304 xvij.s.
826 2232 888 2303 viij.
899 2234 924 2289 d.

254 2322 331 2374 Ibem
349 2320 437 2375 habet
454 2318 552 2375 ballias
569 2338 622 2391 pro
639 2318 719 2376 robis
737 2317 890 2374 creditoris
907 2318 997 2384 villoe,
1017 2320 1079 2375 coci
1098 2324 1270 2383 conventus,

326 2405 388 2460 coci
414 2404 500 2470 aulae,
527 2402 652 2469 salsarii,
679 2402 835 2468 venatoris,
865 2408 895 2458 eb
921 2404 1020 2475 vigilis
1047 2404 1137 2459 enriae
1163 2406 1272 2461 lxxae.

325 2486 458 2544 Preblum
475 2486 555 2542 robae
572 2484 623 2555 xij.
633 2504 655 2540 s.
673 2486 748 2540 vhd.
1333 2474 1337 2481 ’

499 2570 623 2626 Summa
638 2567 780 2625 Celerarii
797 2568 850 2639 vij,
861 2570 892 2625 ll.
911 2589 939 2625 v.
950 2590 971 2625 s.
991 2569 1056 2640 viij.
1067 2570 1095 2626 d.

258 2682 344 2746 Item,
365 2679 494 2737 Sacrista
511 2679 599 2733 habet
619 2678 730 2733 talliam
747 2696 800 2749 pro
818 2679 890 2733 reba
908 2678 1053 2748 gareionls
1072 2697 1132 2734 snae
1151 2679 1222 2735 ina.

259 2766 346 2832 Item,
365 2764 551 2821 Thesaurardi
568 2762 679 2817 habent
696 2769 865 2833 computare
890 2780 942 2833 pro
960 2762 1072 2817 duabus
1090 2763 1169 2819 robis
1187 2763 1277 2821 servi-

328 2847 441 2942 enllum
472 2861 591 2901 suornm
623 2861 738 2900 mna.
764 2843 854 2915 iiija.
900 2844 1030 2900 Pretium
1067 2846 1145 2901 robae
1175 2846 1277 2917 xvija.

361 2947 394 2983 1.
422 2970 429 2984 .

260 2929 423 3086 Itengrld)
437 3012 509 3068 roba
526 3011 673 3082 garcionis
691 3010 850 3067 eorundem
870 3012 1117 3068 thesaurariorum
1135 3012 1173 3068 ix.
1183 3033 1205 3068 s.

489 3106 887 3164 Summa-Thesanmriorum
906 3107 1022 3177 xlilij.c.
1042 3107 1097 3179 iiij.
1109 3111 1135 3166 d.

260 3220 367 3276 Mamm.
405 3219 448 3272 De
466 3215 508 3287 iij.
529 3217 616 3289 draps
634 3217 671 3272 dc
688 3217 779 3272 blank
796 3217 927 3272 kamelin
946 3236 1018 3288 pour
1035 3219 1063 3272 le
1082 3221 1231 3274 seneschal
1249 3227 1280 3276 eb

226 3406 230 3412 ·
285 3387 372 3442 Item.
409 3301 666 3455 Π1ὓ131116111ι616ᾱ6
686 3385 788 3440 candal
806 3386 877 3441 verd
896 3385 1001 3441 asenec.

285 3471 370 3526 Ibem.
409 3469 453 3526 De
470 3487 498 3524 v.
518 3468 604 3540 draps
623 3468 659 3524 de
677 3468 807 3538 vermayl
826 3486 880 3524 ove
899 3485 968 3540 raye
987 3468 1110 3524 blanche
1136 3488 1173 3524 on
1192 3489 1282 3542 ncyre

439 3568 514 3622 pour
531 3551 670 3621 esquiers.

304 3634 370 3691 Vel.
408 3634 452 3690 De
468 3652 496 3689 r.
516 3632 604 3706 draps
623 3633 659 3689 de
674 3630 766 3703 janne
783 3632 884 3688 celonr
901 3651 954 3690 eve
971 3652 1029 3690 une
1047 3653 1117 3706 rsye
1135 3653 1225 3708 neyre
1244 3654 1282 3691 on

304 3803 370 3858 Vel.
408 3733 620 3872 &theam
645 3801 682 3857 de
709 3818 806 3856 morra
830 3819 884 3857 ove
915 3819 972 3856 nne
1003 3821 1072 3873 raye
1098 3805 1221 3862 blanche
1245 3825 1283 3863 on

442 3891 525 3940 verte
543 3902 581 3939 ou
595 3883 694 3954 janne.

306 3968 373 4028 Vel.
409 3968 453 4023 De
470 3987 497 4026 v.
517 3968 604 4040 draps
622 3968 659 4024 de
685 3967 776 4023 blank
800 3968 932 4023 kamelin
958 3987 1086 4026 evenne
1105 3989 1283 4048 rayeronge

411 4068 635 4206 Βὲῃίἷθᾞιρε
662 4139 692 4190 ab
716 4133 804 4206 demy
829 4135 866 4190 de
893 4138 1025 4207 vermayl
1050 4157 1105 4194 ove
1132 4158 1188 4196 une
1215 4161 1285 4215 raye

308 4145 405 4338 V01.{
445 4217 570 4274 blanche
589 4235 626 4271 on
644 4234 743 4287 neyre.
780 4256 784 4262 -

412 4301 451 4356 Et
468 4300 504 4356 de
523 4298 555 4370 ij.
574 4301 661 4373 draps
679 4306 710 4355 cb
728 4301 814 4373 demy
832 4302 868 4358 de
882 4301 974 4372 jaune
992 4308 1099 4362 colonr.

414 4385 457 4439 De
476 4383 508 4454 ij.
520 4385 607 4454 draps
626 4391 656 4440 et
668 4384 754 4456 demy
767 4386 803 4440 de
822 4405 918 4441 morre
937 4406 990 4444 ove
1003 4409 1061 4446 uns
1073 4409 1141 4464 raye
1154 4393 1285 4460 blanche,

309 4395 404 4587 vell
448 4485 486 4522 ou
503 4472 585 4522 verbe
603 4484 642 4521 ou
660 4485 757 4539 neyrc,
777 4486 815 4523 on
829 4467 930 4538 jaune.

412 4550 452 4604 Et
469 4549 505 4604 de
521 4549 554 4619 ij.
574 4549 661 4621 draps
677 4556 707 4606 eb
724 4551 811 4622 demy
828 4552 865 4607 de
882 4551 972 4608 blank
989 4555 1135 4627 kamclyn.

414 4633 458 4687 De
477 4629 509 4700 ij.
529 4633 616 4704 draps
635 4639 665 4688 et
683 4634 770 4705 demy
789 4635 824 4689 de
842 4637 984 4706 vermayl.

310 4716 376 4770 Vel.
414 4715 454 4770 nt
471 4714 508 4768 de
524 4713 558 4784 ij.
586 4714 673 4785 draps
698 4721 729 4770 et
756 4716 844 4786 demy
862 4717 899 4772 de
927 4716 1129 4786 janneeolour
1157 4743 1211 4782 ove
1228 4747 1286 4785 une
1385 4737 1386 4740 ’

448 4815 518 4873 raye
536 4815 627 4870 neyre
644 4816 683 4854 ou
700 4817 800 4869 rouge.
