3350 5800
574 898 865 951 otuwasunusns
1184 890 1247 951 115

183 1114 338 1175 mentum
363 1132 408 1175 ex
429 1114 525 1197 parte
547 1110 638 1175 chori
661 1110 786 1176 boreali
802 1111 845 1175 de
859 1132 946 1177 novo
968 1111 1105 1179 Iactum.
1137 1112 1242 1179 Item:

187 1210 309 1277 vinde
332 1213 470 1278 ecelesia
492 1212 535 1276 ad
558 1210 798 1290 dormitorium,
821 1232 898 1278 oum
919 1213 1129 1298 reparatione
1151 1213 1243 1280 lava·

187 1310 267 1375 terii
290 1313 426 1391 ibidem,
442 1318 477 1379 et
499 1313 618 1379 subtus
641 1335 730 1380 nova
752 1320 883 1380 reaturo
905 1314 1088 1400 plumbata.
1135 1315 1244 1381 Item:
1329 1302 1332 1306 ⁵

189 1411 342 1479 clausura
363 1416 429 1482 vise
445 1436 488 1481 ex
509 1420 653 1501 utraque
676 1421 770 1501 parte
793 1416 834 1482 de
858 1416 1002 1483 elaustro
1016 1418 1061 1483 ad
1082 1438 1245 1483 eameram

189 1514 322 1595 Primis,
345 1523 381 1583 et
403 1519 460 1584 via
482 1518 523 1584 do
544 1540 675 1585 camera
697 1518 820 1583 Prioris
851 1540 955 1604 usqne
978 1518 1022 1585 ad
1045 1519 1171 1584 auriam
1203 1519 1244 1586 de

188 1637 278 1683 novo
310 1619 400 1686 facta
428 1626 463 1684 et
497 1620 679 1706 plumbata.
729 1620 773 1684 Et
807 1620 996 1686 emendatio
1029 1621 1169 1707 gutterii
1202 1622 1244 1688 de

189 1720 334 1787 elaustro
364 1722 515 1789 duoentis
537 1743 572 1787 se
594 1722 631 1786 in
653 1722 710 1787 via
732 1744 806 1807 quse
837 1721 931 1788 duait
964 1721 1005 1786 de
1036 1720 1179 1788 claustro
1200 1722 1244 1789 ad

189 1820 416 1904 infirmariam,
449 1825 555 1911 primo
587 1824 624 1888 in
655 1824 712 1889 via
749 1824 864 1889 eadem
901 1824 1023 1889 directe
1062 1844 1167 1908 usque
1199 1825 1243 1890 ad

188 1924 289 1990 finem
312 1927 449 2013 capituli
472 1927 627 2005 exterius,
650 1926 769 1991 deinde
799 1927 923 1991 directe
955 1931 1053 1991 extra
1083 1926 1243 2012 eapellam

188 2026 313 2093 Prioris
337 2035 495 2115 exparte
518 2028 656 2095 australi
679 2028 842 2113 usquead
864 2049 1026 2094 eameram
1042 2026 1242 2114 Supprioris,

188 2129 310 2195 deinde
333 2138 518 2197 transverse
534 2152 594 2217 per
608 2152 774 2197 eameram
797 2130 988 2215 supprioris
1004 2135 1037 2195 et
1053 2135 1242 2199 transverse

188 2232 277 2316 (per)
302 2254 456 2319 magnam
479 2232 590 2299 aulam
620 2231 833 2309 infirmitorii,
857 2231 976 2297 deinde
998 2253 1057 2318 per
1079 2254 1241 2299 eameram
1321 2301 1323 2304 .

187 2333 357 2418 privatam
389 2335 512 2399 Prioris
543 2336 580 2397 iu
612 2333 831 2420 longitudine,
853 2340 888 2398 et
917 2334 965 2400 sie
986 2355 1045 2419 per
1077 2356 1242 2402 eameram

188 2435 308 2501 subtus
331 2435 376 2502 Le
405 2435 540 2514 Gloria,
562 2435 682 2501 deinde
711 2436 755 2503 ad
789 2442 891 2522 eaput
922 2434 1015 2501 tertii
1047 2437 1241 2517 dormitorii,

187 2542 224 2601 et
245 2542 327 2603 tune
351 2539 453 2605 vertit
476 2560 510 2604 se
532 2538 576 2603 ad
602 2537 826 2623 aqueductum
858 2537 895 2601 in
917 2538 1017 2603 tertio
1041 2538 1240 2608 dormitorio.

189 2637 264 2705 Hoa
303 2641 487 2727 gutteriam
524 2639 594 2705 fuit
630 2640 815 2724 antiquum,
850 2638 1068 2717 devastatum,
1100 2645 1135 2705 et
1168 2663 1242 2727 per-

189 2739 306 2819 ditum,
345 2748 458 2807 tamen
500 2746 690 2828 reparatum
728 2763 803 2808 oum
842 2742 970 2829 magnis
1008 2744 1170 2828 expensis,
1209 2750 1243 2809 et
1352 2734 1362 2751 ⁸

63 2933 66 2939 Ι
189 2842 399 2928 plumbatum
422 2846 459 2910 in
481 2851 571 2911 terra
593 2846 630 2910 in
653 2866 774 2932 magna
796 2850 901 2930 parte.
947 2844 1054 2910 Item:
1076 2846 1242 2932 reparatio

189 2945 385 3028 dormitorii,
399 2970 474 3015 eum
496 2969 583 3015 novo
599 2953 687 3015 teuto
709 2948 892 3034 plumbato,
907 2952 943 3013 et
965 2948 1063 3013 novis
1078 2949 1242 3027 fenestris,

190 3053 224 3113 et
246 3048 397 3134 pluribus
419 3050 520 3117 lentis.
568 3049 674 3115 Item:
699 3055 825 3116 tentum
849 3050 1034 3117 dormitorii
1051 3048 1244 3136 privatum,¹

190 3169 265 3213 enm
297 3151 394 3218 novis
425 3151 586 3218 fenestris.
636 3151 744 3217 Item:
766 3151 871 3217 leatus
903 3151 1036 3230 Prioris,
1058 3173 1134 3218 oum
1156 3172 1244 3217 novo

190 3251 302 3317 studio
325 3259 359 3319 et
381 3254 458 3320 aula
491 3253 651 3341 superius,
674 3260 709 3320 et
738 3253 921 3341 garderoba
954 3254 1049 3339 quasi
1083 3254 1124 3319 de
1155 3275 1243 3320 novo

189 3359 378 3422 mastruca
401 3361 435 3421 at
455 3357 637 3442 plumbata
682 3358 790 3422 Item:
813 3356 935 3422 riade
965 3356 1092 3443 eapella
1120 3357 1244 3423 Prioris

190 3457 233 3521 ad
256 3478 418 3524 eameram
453 3479 546 3524 suam
580 3459 621 3524 de
655 3481 743 3524 novo
778 3459 883 3525 solata
917 3463 952 3524 et
984 3464 1145 3544 reparata,
1168 3479 1244 3524 oum

190 3558 286 3623 novis
308 3559 470 3638 fenestris,
493 3566 528 3626 et
558 3580 645 3626 novo
679 3561 817 3627 nemine.
863 3560 973 3625 Item:
995 3581 1084 3624 nova
1115 3579 1245 3624 eamera

189 3660 308 3725 subtus
340 3661 489 3727 toteIiter
520 3667 718 3738 constructo,
742 3683 818 3728 cum
851 3683 939 3726 novo
970 3664 1059 3726 teoto
1092 3664 1246 3744 cooperto

190 3781 267 3826 eum
291 3762 433 3848 plumbo.
479 3763 584 3829 Item:
609 3764 675 3829 alia
697 3785 825 3830 camera
838 3763 997 3840 inferius,
1017 3783 1093 3828 eum
1116 3759 1246 3826 eaminn

190 3867 226 3928 et
240 3864 359 3930 balneo
375 3865 520 3932 honesto.
561 3866 667 3931 Item:
690 3865 842 3952 superius
857 3887 945 3932 nova
960 3886 1090 3931 camera
1104 3863 1245 3950 privata,

192 3987 268 4032 oum
290 3968 348 4034 via
370 3968 412 4034 ad
436 3968 573 4034 eandem
597 3969 780 4056 plumbata.
826 3969 933 4033 Item:
958 3989 1066 4034 novus
1080 3966 1170 4034 loeus
1185 3987 1246 4053 pro

192 4067 338 4154 deporto,
361 4091 445 4149 oum,
468 4071 594 4148 subtus,
618 4071 744 4138 nelarie.
803 4068 909 4135 Item:
934 4069 1083 4154 eoquinae
1114 4075 1147 4133 et
1180 4067 1247 4133 adia

190 4169 329 4238 honesta
363 4195 423 4259 pro
455 4178 599 4259 quatuor
630 4174 767 4239 comeus
789 4172 825 4236 in
847 4172 1018 4238 Firmaria.
1065 4170 1171 4236 Item:
1196 4191 1247 4234 re·

191 4276 321 4359 paracio
360 4276 401 4340 de
441 4274 689 4344 Montanorum
727 4296 787 4362 pro
821 4274 938 4360 majori
972 4278 1067 4361 parte
1097 4274 1134 4336 in
1165 4276 1245 4338 tote.

192 4375 296 4442 Item:
322 4399 450 4443 novum
473 4399 555 4464 opus
578 4379 615 4442 in
638 4378 791 4453 elaustro,
814 4377 924 4443 adhue
945 4397 1013 4441 uon
1035 4375 1247 4463 completum.

189 4476 295 4543 Item:
311 4500 402 4545 nova
418 4479 547 4545 Domus
565 4476 767 4566 Oa'pitularis
785 4479 958 4566 completa.
996 4476 1102 4541 Item:
1117 4481 1248 4542 tectura

189 4580 369 4647 Refectorii
406 4602 482 4647 oum
516 4583 622 4647 veteri
662 4579 797 4668 plumbo
835 4586 871 4645 et
907 4577 1088 4644 duodecem
1126 4575 1247 4641 foderis

655 4814 662 4848 ¹
675 4817 719 4877 sic,
729 4815 788 4869 MS.

1046 4921 1073 4969 11
1095 4912 1116 4971 2
