3350 5800
426 881 492 950 364
863 894 1047 945 mensum

246 1092 379 1140 uadewith
422 1091 500 1146 inter
518 1092 697 1164 Episcopum
716 1099 746 1150 et
772 1111 841 1158 vos;
869 1099 900 1150 et
925 1095 957 1148 in
984 1093 1037 1148 illa
1063 1093 1274 1166 compositione
1298 1092 1474 1158 continetur,

245 1143 400 1239 glffl'fint
421 1175 500 1245 quod
528 1175 612 1230 Prior
637 1181 666 1230 et
693 1177 863 1232 Conventus
889 1176 1107 1234 cantuariensis
1132 1183 1229 1232 totum
1253 1175 1313 1246 jus,
1341 1175 1421 1247 quod
1445 1176 1475 1229 in

246 1246 312 1300 ΝΠ·
421 1257 550 1313 manerio
568 1258 605 1312 de
624 1258 766 1328 Eytherid
777 1277 845 1314 cum
862 1259 999 1315 omnibus
1017 1260 1205 1330 pertinentiis
1222 1262 1284 1314 suis
1295 1277 1327 1314 se
1338 1257 1475 1313 dicebant

420 1339 537 1406 habere,
556 1342 667 1396 eisdem
695 1341 838 1414 Episcopo
865 1349 897 1398 et
921 1343 1069 1414 capitulo,
1095 1349 1237 1414 tanquam
1257 1345 1309 1416 jus
1336 1341 1475 1398 Ecclesiae

419 1423 586 1490 Emensis,
633 1425 986 1497 quietumclnmsverunt3
1036 1431 1067 1482 at
1108 1427 1273 1497 Episcopus
1316 1423 1474 1481 Ferueneis

418 1513 449 1561 et
484 1525 570 1564 suum
603 1509 773 1580 Capitulum
809 1512 926 1580 penitus
962 1511 1174 1567 renunciarent
1210 1511 1266 1564 toti
1299 1509 1360 1579 juri
1396 1507 1474 1580 qnod

417 1589 613 1646 vendicabant
646 1593 677 1646 in
716 1593 848 1649 ecclesiis
865 1611 937 1664 quas
964 1611 983 1648 a
1014 1594 1100 1648 vobis
1129 1592 1339 1658 vendicabant3
1371 1599 1403 1647 et
1432 1591 1474 1646 sic

416 1675 542 1729 cessavit
569 1675 605 1729 lis
624 1681 703 1730 mota
721 1677 801 1732 inter
826 1694 880 1732 vos
905 1682 938 1731 et
954 1677 1141 1747 Episcopum.
1179 1676 1267 1731 Nunc
1295 1676 1381 1730 veuit
1407 1676 1472 1746 qui·

418 1755 486 1812 dam
522 1757 618 1814 dietus
654 1759 803 1816 «lohannes
834 1760 960 1832 Lynayt,
986 1777 1120 1816 asserens
1154 1779 1195 1824 se,
1225 1760 1344 1814 nomine
1374 1759 1475 1812 uxoris

417 1857 488 1904 snae,
519 1859 582 1898 esse
613 1841 753 1898 heredem
789 1842 945 1913 eujusdam
982 1842 1105 1898 Ricardi
1141 1841 1179 1897 de
1214 1841 1388 1904 londoniis,
1425 1841 1473 1894 cni

420 1923 545 1980 Eicsrdo
570 1924 643 1980 dicit
671 1927 804 1982 Priorem
831 1933 863 1982 et
887 1927 1073 1982 conventum
1101 1926 1343 1982 cantuariensem
1361 1924 1476 1980 dedisse

419 2005 519 2060 villam
539 2006 576 2062 de
595 2007 740 2078 Eytberid
757 2013 789 2064 et
807 2007 965 2063 heredibus
992 2009 1063 2074 auis,
1084 2014 1115 2063 et
1131 2009 1222 2063 babet
1247 2007 1395 2077 quendam
1412 2024 1476 2061 ear·

419 2093 490 2154 tem,
521 2095 555 2144 nt
586 2088 669 2156 dicit,
702 2109 790 2162 quam
817 2091 937 2163 qnidam
960 2089 1111 2156 viderunt,
1142 2090 1196 2146 sub
1226 2089 1354 2162 quodam
1385 2107 1475 2160 parvo

418 2169 516 2242 sigillo
534 2190 593 2228 non
612 2173 663 2228 illo
689 2173 788 2242 sigillo
815 2191 874 2245 quo
899 2189 980 2228 nunc
1006 2174 1136 2234 utimini.
1155 2180 1187 2228 et
1213 2173 1290 2228 dicit
1313 2172 1393 2245 quod
1418 2173 1476 2227 init

418 2257 542 2311 seoietus
561 2273 613 2328 per
631 2275 693 2322 vos,
712 2263 743 2312 et
761 2275 813 2328 per
838 2257 920 2314 illum
946 2263 1057 2312 cartam
1089 2264 1187 2328 portat
1212 2275 1371 2328 supernos
1387 2258 1475 2311 breve

417 2337 449 2392 de
466 2337 556 2402 reolo,¹
569 2338 741 2394 etintendit
757 2357 897 2396 enervare
915 2340 1157 2411 compositionem
1170 2342 1287 2406 factem
1302 2339 1382 2411 quod
1399 2346 1475 2396 essct

417 2421 500 2476 nobis
519 2427 549 2478 et
569 2422 650 2478 vobis
669 2423 869 2494 dampnosum.
907 2422 992 2479 Unde
1009 2440 1148 2494 rogamus
1164 2429 1293 2479 vestram
1311 2423 1344 2478 in
1356 2423 1475 2479 Christo

417 2504 580 2572 caritatem,
600 2507 737 2577 quatinus
762 2513 946 2580 persei-utere
970 2507 1089 2564 leniatis
1116 2509 1147 2562 in
1174 2507 1363 2563 thesauraria
1378 2513 1475 2562 vestm

419 2587 615 2646 instrumenta
642 2591 763 2663 antiqua
789 2593 943 2662 tangentia
969 2591 1128 2647 materiem
1159 2591 1330 2662 praedictam
1348 2592 1379 2645 in
1398 2599 1476 2646 terra

418 2671 589 2742 Hyberniae,
610 2681 640 2729 et
667 2676 691 2728 si
710 2675 821 2746 poterit
848 2676 932 2730 vobis
950 2682 1086 2731 constare
1111 2675 1148 2730 dc
1175 2674 1276 2747 aliquo
1303 2677 1478 2730 ieoiameute

418 2758 494 2814 iacto
512 2758 659 2828 quondam
679 2757 806 2814 Ricardo
831 2759 867 2815 de
895 2758 1065 2825 londoniis,
1082 2767 1115 2816 et
1139 2759 1164 2815 si
1191 2759 1321 2829 aliquem
1347 2759 1476 2830 quietem

418 2840 610 2896 clamaneiem
630 2841 711 2896 vobis
729 2842 797 2898 inde
817 2844 929 2910 iecerit,
949 2849 981 2899 et
997 2860 1085 2914 super
1103 2844 1158 2899 hoc
1177 2861 1230 2899 nos
1242 2843 1408 2899 certificetis
1426 2861 1477 2914 per

420 2923 544 2979 latorem
571 2926 762 2995 praesentium
789 2918 844 2981 sub
872 2927 982 2983 litteris
1008 2928 1124 2983 vestris.
1161 2927 1309 2983 Mendetis
1333 2928 1433 2991 etium
1451 2928 1477 2981 ai

420 3006 519 3077 aliquo
538 3006 595 3062 alio
616 3008 714 3078 sigillo
734 3016 803 3063 tunc
822 3011 869 3064 usi
888 3010 985 3065 inistis
997 3027 1086 3080 quam
1099 3010 1290 3080 impraesenti,
1304 3016 1335 3063 et
1351 3008 1476 3064 mittatis

418 3091 510 3157 nobis,
531 3092 556 3147 si
574 3092 679 3163 placet,
700 3092 813 3149 litterae
831 3101 943 3149 vestras
967 3112 1035 3148 cum
1061 3094 1114 3149 illo
1138 3094 1236 3165 sigillo
1255 3094 1418 3165 sigillatas:
1436 3100 1474 3153 et.

418 3174 444 3229 si
463 3175 582 3245 aliquod
599 3174 763 3231 remedium
782 3176 955 3232 adinvenire
982 3177 1137 3247 minentis
1163 3196 1216 3248 pro
1243 3178 1327 3232 nobis
1345 3179 1384 3231 ad
1400 3195 1476 3232 eom·

424 3258 600 3328 positionem
620 3258 797 3315 servandam
815 3260 998 3330 praedictam,
1011 3260 1096 3316 nobis
1115 3262 1142 3316 ai
1160 3261 1256 3331 placet
1274 3262 1411 3326 mittatis,
1427 3278 1476 3333 pro

423 3340 477 3395 Dei
495 3358 593 3397 amore
613 3348 642 3396 et
660 3350 774 3407 nostro;
796 3344 865 3414 quia
883 3344 967 3413 pium
985 3352 1031 3399 est
1048 3344 1166 3400 obviare
1183 3344 1305 3400 malitiis
1324 3345 1477 3399 hominnm

422 3440 525 3477 noeane
545 3424 707 3479 volentium
738 3430 767 3479 et
793 3427 872 3480 lecta
898 3432 998 3481 vestra
1023 3432 1054 3481 et
1078 3426 1218 3482 Ecclesiae
1243 3426 1400 3482 Eemensis
1424 3426 1478 3481 im·

420 3523 579 3577 pungnare.
620 3508 768 3563 Mittimus
789 3508 874 3563 vobis
893 3509 1105 3579 transcriptum
1122 3515 1211 3566 certas
1229 3528 1319 3584 quam
1336 3510 1412 3565 dicit
1427 3526 1478 3564 voa

421 3596 450 3643 et
470 3590 638 3645 Conventus
657 3596 753 3646 vester
773 3590 885 3646 fecistis
903 3590 1030 3647 Ricardo
1049 3592 1084 3647 de
1102 3593 1262 3649 Londoniis
1274 3600 1305 3649 et
1322 3592 1479 3648 heredibus

422 3672 483 3727 suis
515 3674 544 3727 in
577 3672 679 3729 diebus
709 3674 850 3746 antiquis,
878 3680 909 3729 et
933 3680 980 3730 eat
1011 3674 1066 3731 snb
1093 3676 1221 3747 quodem
1245 3694 1337 3749 parvo
1362 3675 1479 3749 sigillo.²

422 3756 535 3811 Velete.
573 3758 682 3813 Datum
700 3758 731 3812 in
750 3756 914 3829 Hybernia,
934 3758 982 3813 die
993 3760 1119 3816 Veneris
1136 3761 1268 3831 proximo
1285 3765 1355 3817 ante
1373 3760 1478 3815 festum

427 3838 529 3895 Sancti
548 3840 713 3907 Michaelis,
733 3858 809 3897 enno
828 3842 949 3899 Domini
968 3851 1065 3899 1⁰ccc⁰
1084 3851 1195 3900 octavu

278 4087 385 4139 (mm)
427 4054 607 4113 iu—Bmvs
637 4055 792 4111 wmnnm
829 4018 920 4109 aren
949 4053 995 4109 W.
1026 4053 1138 4109 Διιιιιιι
1178 4054 1283 4111 Sinon
1319 4056 1478 4111 Ausum

549 4154 584 4193 nr
627 4152 820 4194 oasnmsrisu
865 4152 899 4192 rr
942 4150 1152 4193 sonnonem
1196 4152 1294 4193 ιιοιιι
1336 4140 1478 4194 Eccnans

550 4222 677 4277 Onerum.

249 4390 352 4435 mim
360 4389 393 4435 11.
461 4343 660 4413 Wtillelmust,
681 4344 743 4400 Rex
761 4343 889 4416 lingbu,
903 4342 1014 4399 Abbati
1031 4341 1169 4409 Wtidoui)
1190 4342 1293 4400 Sancti
1308 4344 1478 4415 Augustini,

250 4440 411 4536 fflffisof
426 4432 560 4487 salutem.
597 4428 731 4486 Defende
749 4447 787 4484 ne
805 4428 898 4483 alium
915 4426 1049 4485 ordinem
1073 4446 1169 4501 neque
1186 4428 1432 4485 consuetudinem
1449 4428 1480 4485 in

457 4616 465 4648 ¹
483 4616 590 4676 directe,
602 4616 662 4666 MS.
983 4612 1008 4661 lt
1019 4626 1071 4660 was
1084 4612 1236 4676 superseded
1247 4612 1282 4672 bp
1293 4627 1310 4661 ιι
1329 4628 1384 4661 new
1403 4613 1481 4663 broad

455 4696 518 4747 ’Oi
535 4696 578 4746 the
597 4696 668 4744 small
688 4694 787 4744 nncicnt
798 4696 849 4743 seul
862 4693 923 4743 herc
982 4692 1034 4739 wal
1046 4708 1071 4739 ιιι
1088 4697 1159 4741 1221.

420 4776 523 4827 alluded
534 4782 561 4825 to
572 4789 650 4839 many
661 4773 827 4838 impressione
848 4773 922 4824 exist.
