<?xml version="1.0" encoding="UTF-8"?>
<!DOCTYPE html PUBLIC "-//W3C//DTD XHTML 1.0 Transitional//EN"
    "http://www.w3.org/TR/xhtml1/DTD/xhtml1-transitional.dtd">
<html xmlns="http://www.w3.org/1999/xhtml" xml:lang="en" lang="en">
 <head>
  <title>
</title>
<meta http-equiv="Content-Type" content="text/html;charset=utf-8" />
  <meta name='ocr-system' content='tesseract 3.04.00' />
  <meta name='ocr-capabilities' content='ocr_page ocr_carea ocr_par ocr_line ocrx_word'/>
</head>
<body>
  <div class='ocr_page' id='page_1' title='image "./literaecantuari00shepgoog/literaecantuari00shepgoog_0212.png"; bbox 0 0 3350 5800; ppageno 0'>
   <div class='ocr_carea' id='block_1_1' title="bbox 616 885 1284 946">
    <p class='ocr_par' dir='ltr' id='par_1_1' title="bbox 616 885 1284 946">
     <span class='ocr_line' id='line_1_1' title="bbox 616 885 1284 946; baseline 0.006 -4"><span class='ocrx_word' id='word_1_1' title='bbox 616 891 908 946; x_wconf 72' lang='lat' dir='ltr'>caurumuusrs</span> <span class='ocrx_word' id='word_1_2' title='bbox 1225 885 1284 946; x_wconf 78' lang='lat'>141</span> 
     </span>
    </p>
   </div>
   <div class='ocr_carea' id='block_1_2' title="bbox 229 1066 1289 1449">
    <p class='ocr_par' dir='ltr' id='par_1_2' title="bbox 229 1066 1288 1256">
     <span class='ocr_line' id='line_1_2' title="bbox 229 1066 1288 1155; baseline 0.003 -25"><span class='ocrx_word' id='word_1_3' title='bbox 229 1066 385 1134; x_wconf 81' lang='lat' dir='ltr'>feliciter.</span> <span class='ocrx_word' id='word_1_4' title='bbox 445 1067 616 1153; x_wconf 80' lang='lat' dir='ltr'><strong>Scriptum</strong></span> <span class='ocrx_word' id='word_1_5' title='bbox 663 1069 860 1136; x_wconf 90' lang='lat' dir='ltr'>duodecima</span> <span class='ocrx_word' id='word_1_6' title='bbox 904 1069 959 1134; x_wconf 90' lang='lat' dir='ltr'>die</span> <span class='ocrx_word' id='word_1_7' title='bbox 1004 1069 1152 1155; x_wconf 75' lang='lat' dir='ltr'>Augusti</span> <span class='ocrx_word' id='word_1_8' title='bbox 1197 1088 1288 1135; x_wconf 89' lang='lat' dir='ltr'>anuo</span> 
     </span>
     <span class='ocr_line' id='line_1_3' title="bbox 230 1170 533 1256; baseline 0.007 -22"><span class='ocrx_word' id='word_1_9' title='bbox 230 1170 393 1236; x_wconf 69' lang='lat' dir='ltr'>vicemmo</span> <span class='ocrx_word' id='word_1_10' title='bbox 415 1170 533 1256; x_wconf 91' lang='lat' dir='ltr'>primo.</span> 
     </span>
    </p>

    <p class='ocr_par' dir='ltr' id='par_1_3' title="bbox 345 1269 1289 1449">
     <span class='ocr_line' id='line_1_4' title="bbox 345 1269 1289 1449; baseline 0.002 -117"><span class='ocrx_word' id='word_1_11' title='bbox 345 1269 465 1336; x_wconf 78' lang='lat' dir='ltr'><strong>Vester</strong></span> <span class='ocrx_word' id='word_1_12' title='bbox 497 1271 535 1335; x_wconf 90' lang='lat' dir='ltr'>in</span> <span class='ocrx_word' id='word_1_13' title='bbox 567 1272 696 1338; x_wconf 90' lang='lat' dir='ltr'>cunctis</span> <span class='ocrx_word' id='word_1_14' title='bbox 728 1271 942 1359; x_wconf 90' lang='lat' dir='ltr'>possibilibus</span> <span class='ocrx_word' id='word_1_15' title='bbox 986 1271 1127 1449; x_wconf 64' lang='lat' dir='ltr'>}Anno</span> <span class='ocrx_word' id='word_1_16' title='bbox 1148 1270 1289 1336; x_wconf 86' lang='lat' dir='ltr'>Domini</span> 
     </span>
    </p>

    <p class='ocr_par' dir='ltr' id='par_1_4' title="bbox 391 1371 1288 1440">
     <span class='ocr_line' id='line_1_5' title="bbox 391 1371 1288 1440; baseline 0 -4"><span class='ocrx_word' id='word_1_17' title='bbox 391 1371 536 1437; x_wconf 84' lang='lat' dir='ltr'>Alardus</span> <span class='ocrx_word' id='word_1_18' title='bbox 558 1373 673 1438; x_wconf 89' lang='lat' dir='ltr'>Abbas</span> <span class='ocrx_word' id='word_1_19' title='bbox 697 1372 812 1440; x_wconf 87' lang='lat' dir='ltr'>Sancti</span> <span class='ocrx_word' id='word_1_20' title='bbox 835 1373 968 1440; x_wconf 89' lang='lat' dir='ltr'>Bertini</span> <span class='ocrx_word' id='word_1_21' title='bbox 1049 1383 1288 1438; x_wconf 74' lang='lat' dir='ltr'>u⁰couc⁰xxu⁰.</span> 
     </span>
    </p>
   </div>
   <div class='ocr_carea' id='block_1_3' title="bbox 311 1660 1435 1804">
    <p class='ocr_par' dir='ltr' id='par_1_5' title="bbox 311 1660 1435 1804">
     <span class='ocr_line' id='line_1_6' title="bbox 311 1660 1435 1804; baseline -0.001 -78"><span class='ocrx_word' id='word_1_22' title='bbox 311 1660 638 1726; x_wconf 82' lang='lat' dir='ltr'>999.-Rnscrurr10</span> <span class='ocrx_word' id='word_1_23' title='bbox 661 1662 798 1727; x_wconf 84' lang='lat' dir='ltr'>Dounu</span> <span class='ocrx_word' id='word_1_24' title='bbox 821 1661 966 1726; x_wconf 85' lang='lat' dir='ltr'>Parorus</span> <span class='ocrx_word' id='word_1_25' title='bbox 988 1677 1037 1726; x_wconf 78' lang='lat' dir='ltr'>sn</span> <span class='ocrx_word' id='word_1_26' title='bbox 1061 1677 1212 1728; x_wconf 85' lang='lat' dir='ltr'>nuunnu</span> <span class='ocrx_word' id='word_1_27' title='bbox 1332 1675 1435 1804; x_wconf 39' lang='grc' dir='ltr'>(ὣς)</span> 
     </span>
    </p>
   </div>
   <div class='ocr_carea' id='block_1_4' title="bbox 675 1766 1411 1907">
    <p class='ocr_par' dir='ltr' id='par_1_6' title="bbox 675 1766 1411 1907">
     <span class='ocr_line' id='line_1_7' title="bbox 675 1766 855 1830; baseline 0.006 -1"><span class='ocrx_word' id='word_1_28' title='bbox 675 1766 855 1830; x_wconf 82' lang='lat' dir='ltr'>Ausarnn.</span> 
     </span>
     <span class='ocr_line' id='line_1_8' title="bbox 1303 1854 1411 1907; baseline -0.009 0"><span class='ocrx_word' id='word_1_29' title='bbox 1303 1854 1331 1907; x_wconf 82' lang='lat' dir='ltr'>S.</span> <span class='ocrx_word' id='word_1_30' title='bbox 1344 1860 1376 1906; x_wconf 80' lang='grc'>86</span> <span class='ocrx_word' id='word_1_31' title='bbox 1384 1872 1411 1906; x_wconf 83' lang='grc' dir='ltr'>α.</span> 
     </span>
    </p>
   </div>
   <div class='ocr_carea' id='block_1_5' title="bbox 231 1925 1462 3544">
    <p class='ocr_par' dir='ltr' id='par_1_7' title="bbox 231 1925 1462 3544">
     <span class='ocr_line' id='line_1_9' title="bbox 280 1925 1461 2022; baseline 0.002 -30"><span class='ocrx_word' id='word_1_32' title='bbox 280 1925 472 1992; x_wconf 88' lang='lat' dir='ltr'>Revereude</span> <span class='ocrx_word' id='word_1_33' title='bbox 495 1928 531 1992; x_wconf 91' lang='lat' dir='ltr'>in</span> <span class='ocrx_word' id='word_1_34' title='bbox 555 1927 690 1994; x_wconf 87' lang='lat' dir='ltr'>Christo</span> <span class='ocrx_word' id='word_1_35' title='bbox 723 1933 827 2013; x_wconf 86' lang='lat' dir='ltr'>pater,</span> <span class='ocrx_word' id='word_1_36' title='bbox 852 1929 892 1995; x_wconf 91' lang='lat' dir='ltr'>de</span> <span class='ocrx_word' id='word_1_37' title='bbox 916 1928 1045 1994; x_wconf 88' lang='lat' dir='ltr'>excelso</span> <span class='ocrx_word' id='word_1_38' title='bbox 1066 1927 1149 1993; x_wconf 88' lang='lat' dir='ltr'>solio</span> <span class='ocrx_word' id='word_1_39' title='bbox 1172 1927 1342 2022; x_wconf 58' lang='lat' dir='ltr'>majes‘p0</span> <span class='ocrx_word' id='word_1_40' title='bbox 1353 1971 1461 2022; x_wconf 73' lang='lat' dir='ltr'>thalari</span> 
     </span>
     <span class='ocr_line' id='line_1_10' title="bbox 231 2028 1433 2118; baseline 0.002 -24"><span class='ocrx_word' id='word_1_41' title='bbox 231 2029 315 2094; x_wconf 86' lang='lat' dir='ltr'>tatis</span> <span class='ocrx_word' id='word_1_42' title='bbox 354 2028 474 2094; x_wconf 82' lang='lat' dir='ltr'>eoelicae</span> <span class='ocrx_word' id='word_1_43' title='bbox 512 2029 699 2115; x_wconf 82' lang='lat' dir='ltr'>respiciens,</span> <span class='ocrx_word' id='word_1_44' title='bbox 737 2034 834 2116; x_wconf 88' lang='lat' dir='ltr'>pater</span> <span class='ocrx_word' id='word_1_45' title='bbox 872 2029 1174 2094; x_wconf 80' lang='lat' dir='ltr'>misericordiarum</span> <span class='ocrx_word' id='word_1_46' title='bbox 1212 2035 1290 2116; x_wconf 91' lang='lat' dir='ltr'>post</span> <span class='ocrx_word' id='word_1_47' title='bbox 1303 2037 1378 2118; x_wconf 71' lang='lat' dir='ltr'>lauet</span> <span class='ocrx_word' id='word_1_48' title='bbox 1389 2038 1433 2088; x_wconf 80' lang='lat' dir='ltr'>the</span> 
     </span>
     <span class='ocr_line' id='line_1_11' title="bbox 231 2105 1427 2234; baseline 0.003 -41"><span class='ocrx_word' id='word_1_49' title='bbox 231 2127 383 2215; x_wconf 81' lang='lat' dir='ltr'>gladium</span> <span class='ocrx_word' id='word_1_50' title='bbox 407 2130 595 2194; x_wconf 85' lang='lat' dir='ltr'>severitatis</span> <span class='ocrx_word' id='word_1_51' title='bbox 620 2129 747 2196; x_wconf 86' lang='lat' dir='ltr'>bellicae</span> <span class='ocrx_word' id='word_1_52' title='bbox 762 2130 850 2196; x_wconf 88' lang='lat' dir='ltr'>felici</span> <span class='ocrx_word' id='word_1_53' title='bbox 866 2131 957 2216; x_wconf 89' lang='lat' dir='ltr'>pacis</span> <span class='ocrx_word' id='word_1_54' title='bbox 971 2131 1182 2198; x_wconf 88' lang='lat' dir='ltr'>conclusione</span> <span class='ocrx_word' id='word_1_55' title='bbox 1201 2105 1427 2234; x_wconf 58' lang='lat' dir='ltr'>[et]‚¹¹¹,’1¹3²e‘2&#39;b‘;&#39;</span> 
     </span>
     <span class='ocr_line' id='line_1_12' title="bbox 233 2231 1437 2320; baseline 0.004 -26"><span class='ocrx_word' id='word_1_56' title='bbox 233 2236 274 2295; x_wconf 90' lang='lat' dir='ltr'>ut</span> <span class='ocrx_word' id='word_1_57' title='bbox 312 2231 516 2309; x_wconf 81' lang='lat' dir='ltr'>confidimus,</span> <span class='ocrx_word' id='word_1_58' title='bbox 556 2231 738 2297; x_wconf 73' lang='lat' dir='ltr'>concordiae</span> <span class='ocrx_word' id='word_1_59' title='bbox 784 2232 966 2316; x_wconf 90' lang='lat' dir='ltr'>repositum</span> <span class='ocrx_word' id='word_1_60' title='bbox 1003 2231 1041 2296; x_wconf 93' lang='lat' dir='ltr'>in</span> <span class='ocrx_word' id='word_1_61' title='bbox 1080 2233 1211 2320; x_wconf 85' lang='lat' dir='ltr'>vagina,</span> <span class='ocrx_word' id='word_1_62' title='bbox 1250 2255 1289 2300; x_wconf 91' lang='lat' dir='ltr'>ac</span> <span class='ocrx_word' id='word_1_63' title='bbox 1302 2236 1374 2314; x_wconf 58' lang='lat' dir='ltr'>rann</span> <span class='ocrx_word' id='word_1_64' title='bbox 1416 2253 1437 2314; x_wconf 60' lang='grc' dir='ltr'>,ο</span> 
     </span>
     <span class='ocr_line' id='line_1_13' title="bbox 232 2303 1438 2426; baseline 0.003 -26"><span class='ocrx_word' id='word_1_65' title='bbox 232 2336 394 2422; x_wconf 86' lang='lat' dir='ltr'>procellas</span> <span class='ocrx_word' id='word_1_66' title='bbox 416 2337 571 2423; x_wconf 71' lang='lat' dir='ltr'>litigiosae</span> <span class='ocrx_word' id='word_1_67' title='bbox 602 2337 809 2424; x_wconf 65' lang='lat' dir='ltr'>tempestatis</span> <span class='ocrx_word' id='word_1_68' title='bbox 832 2337 869 2402; x_wconf 89' lang='lat' dir='ltr'>in</span> <span class='ocrx_word' id='word_1_69' title='bbox 892 2358 1006 2403; x_wconf 91' lang='lat' dir='ltr'>auram</span> <span class='ocrx_word' id='word_1_70' title='bbox 1029 2339 1149 2424; x_wconf 90' lang='lat' dir='ltr'>prioris</span> <span class='ocrx_word' id='word_1_71' title='bbox 1170 2340 1289 2426; x_wconf 84' lang='lat' dir='ltr'>gratiae</span> <span class='ocrx_word' id='word_1_72' title='bbox 1303 2303 1438 2420; x_wconf 46' lang='lat' dir='ltr'>{mai</span> 
     </span>
     <span class='ocr_line' id='line_1_14' title="bbox 232 2435 1437 2551; baseline 0.003 -49"><span class='ocrx_word' id='word_1_73' title='bbox 232 2460 454 2517; x_wconf 82' lang='lat' dir='ltr'>reconversas,</span> <span class='ocrx_word' id='word_1_74' title='bbox 470 2459 548 2504; x_wconf 88' lang='lat' dir='ltr'>saue</span> <span class='ocrx_word' id='word_1_75' title='bbox 565 2445 598 2504; x_wconf 91' lang='lat' dir='ltr'>et</span> <span class='ocrx_word' id='word_1_76' title='bbox 622 2443 734 2504; x_wconf 88' lang='lat' dir='ltr'>sancte</span> <span class='ocrx_word' id='word_1_77' title='bbox 762 2439 943 2525; x_wconf 85' lang='lat' dir='ltr'>paternalis</span> <span class='ocrx_word' id='word_1_78' title='bbox 959 2445 1077 2506; x_wconf 88' lang='lat' dir='ltr'>vestrae</span> <span class='ocrx_word' id='word_1_79' title='bbox 1092 2441 1290 2506; x_wconf 87' lang='lat' dir='ltr'>reverentias</span> <span class='ocrx_word' id='word_1_80' title='bbox 1302 2435 1437 2551; x_wconf 28' lang='lat' dir='ltr'>hanaen,</span> 
     </span>
     <span class='ocr_line' id='line_1_15' title="bbox 235 2515 1460 2627; baseline 0.001 -22"><span class='ocrx_word' id='word_1_81' title='bbox 235 2541 406 2607; x_wconf 91' lang='lat' dir='ltr'>mentibus</span> <span class='ocrx_word' id='word_1_82' title='bbox 429 2541 616 2627; x_wconf 81' lang='lat' dir='ltr'>inspiravit,</span> <span class='ocrx_word' id='word_1_83' title='bbox 641 2547 681 2606; x_wconf 94' lang='lat' dir='ltr'>ut</span> <span class='ocrx_word' id='word_1_84' title='bbox 715 2542 804 2606; x_wconf 87' lang='lat' dir='ltr'>inter</span> <span class='ocrx_word' id='word_1_85' title='bbox 834 2549 983 2606; x_wconf 89' lang='lat' dir='ltr'>nostram</span> <span class='ocrx_word' id='word_1_86' title='bbox 1015 2539 1289 2608; x_wconf 83' lang='lat' dir='ltr'>Oautuaru&#39;ensem</span> <span class='ocrx_word' id='word_1_87' title='bbox 1302 2515 1403 2617; x_wconf 52' lang='lat' dir='ltr'>fiand</span> <span class='ocrx_word' id='word_1_88' title='bbox 1416 2568 1460 2618; x_wconf 84' lang='lat' dir='ltr'>the</span> 
     </span>
     <span class='ocr_line' id='line_1_16' title="bbox 233 2634 1458 2750; baseline -0.001 -40"><span class='ocrx_word' id='word_1_89' title='bbox 233 2644 416 2710; x_wconf 87' lang='lat' dir='ltr'>Ecclesiam</span> <span class='ocrx_word' id='word_1_90' title='bbox 450 2649 485 2708; x_wconf 92' lang='lat' dir='ltr'>et</span> <span class='ocrx_word' id='word_1_91' title='bbox 516 2635 665 2708; x_wconf 81' lang='lat' dir='ltr'>vestrum</span> <span class='ocrx_word' id='word_1_92' title='bbox 701 2653 852 2708; x_wconf 86' lang='lat' dir='ltr'>sanctum</span> <span class='ocrx_word' id='word_1_93' title='bbox 876 2648 911 2708; x_wconf 89' lang='lat' dir='ltr'>et</span> <span class='ocrx_word' id='word_1_94' title='bbox 942 2645 1166 2710; x_wconf 88' lang='lat' dir='ltr'>venerabilem</span> <span class='ocrx_word' id='word_1_95' title='bbox 1202 2645 1288 2711; x_wconf 86' lang='lat' dir='ltr'>Con-</span> <span class='ocrx_word' id='word_1_96' title='bbox 1302 2634 1458 2750; x_wconf 48' lang='lat' dir='ltr'>Alpbotltun</span> 
     </span>
     <span class='ocr_line' id='line_1_17' title="bbox 235 2715 1450 2832; baseline 0.005 -22"><span class='ocrx_word' id='word_1_97' title='bbox 235 2751 375 2812; x_wconf 86' lang='lat' dir='ltr'>ventum</span> <span class='ocrx_word' id='word_1_98' title='bbox 413 2747 583 2832; x_wconf 75' lang='lat' dir='ltr'>primaevae</span> <span class='ocrx_word' id='word_1_99' title='bbox 621 2745 847 2810; x_wconf 84' lang='lat' dir='ltr'>fraternitatis</span> <span class='ocrx_word' id='word_1_100' title='bbox 886 2749 921 2810; x_wconf 89' lang='lat' dir='ltr'>et</span> <span class='ocrx_word' id='word_1_101' title='bbox 959 2746 1116 2811; x_wconf 84' lang='lat' dir='ltr'>amicitiae</span> <span class='ocrx_word' id='word_1_102' title='bbox 1154 2747 1289 2825; x_wconf 88' lang='lat' dir='ltr'>rivulos,</span> <span class='ocrx_word' id='word_1_103' title='bbox 1302 2715 1414 2816; x_wconf 55' lang='lat' dir='ltr'>illegi&#39;</span> <span class='ocrx_word' id='word_1_104' title='bbox 1427 2715 1450 2750; x_wconf 68' lang='lat'>¹⁸</span> 
     </span>
     <span class='ocr_line' id='line_1_18' title="bbox 236 2831 1462 2949; baseline -0.001 -35"><span class='ocrx_word' id='word_1_105' title='bbox 236 2848 444 2935; x_wconf 85' lang='lat' dir='ltr'>aliquamdiu</span> <span class='ocrx_word' id='word_1_106' title='bbox 483 2847 646 2913; x_wconf 90' lang='lat' dir='ltr'>bellorum</span> <span class='ocrx_word' id='word_1_107' title='bbox 682 2847 896 2913; x_wconf 91' lang='lat' dir='ltr'>tumultubus</span> <span class='ocrx_word' id='word_1_108' title='bbox 934 2848 1105 2934; x_wconf 85' lang='lat' dir='ltr'>oppilatos,</span> <span class='ocrx_word' id='word_1_109' title='bbox 1128 2848 1186 2936; x_wconf 92' lang='lat' dir='ltr'>pia</span> <span class='ocrx_word' id='word_1_110' title='bbox 1218 2831 1462 2949; x_wconf 55' lang='lat' dir='ltr'>vessssrrtfinipra</span> 
     </span>
     <span class='ocr_line' id='line_1_19' title="bbox 236 2913 1455 3028; baseline 0.001 -12"><span class='ocrx_word' id='word_1_111' title='bbox 236 2957 364 3016; x_wconf 89' lang='lat' dir='ltr'>trarum</span> <span class='ocrx_word' id='word_1_112' title='bbox 388 2950 575 3016; x_wconf 85' lang='lat' dir='ltr'>litterarum</span> <span class='ocrx_word' id='word_1_113' title='bbox 599 2948 822 3015; x_wconf 84' lang='lat' dir='ltr'>destinatione</span> <span class='ocrx_word' id='word_1_114' title='bbox 837 2951 1086 3028; x_wconf 65' lang='lat' dir='ltr'>resuscitamus,</span> <span class='ocrx_word' id='word_1_115' title='bbox 1111 2956 1150 3015; x_wconf 90' lang='lat' dir='ltr'>ut</span> <span class='ocrx_word' id='word_1_116' title='bbox 1172 2950 1291 3014; x_wconf 87' lang='lat' dir='ltr'>animae</span> <span class='ocrx_word' id='word_1_117' title='bbox 1304 2913 1455 3028; x_wconf 57' lang='lat' dir='ltr'>¹Ileeniquite</span> 
     </span>
     <span class='ocr_line' id='line_1_20' title="bbox 236 3032 1436 3148; baseline 0 -33"><span class='ocrx_word' id='word_1_118' title='bbox 236 3060 357 3118; x_wconf 88' lang='lat' dir='ltr'>nostrae</span> <span class='ocrx_word' id='word_1_119' title='bbox 399 3056 527 3115; x_wconf 81' lang='lat' dir='ltr'>mutuae</span> <span class='ocrx_word' id='word_1_120' title='bbox 564 3050 786 3115; x_wconf 88' lang='lat' dir='ltr'>fraternitatis</span> <span class='ocrx_word' id='word_1_121' title='bbox 825 3050 1033 3116; x_wconf 86' lang='lat' dir='ltr'>reeffluerent</span> <span class='ocrx_word' id='word_1_122' title='bbox 1067 3050 1103 3114; x_wconf 92' lang='lat' dir='ltr'>in</span> <span class='ocrx_word' id='word_1_123' title='bbox 1142 3050 1291 3115; x_wconf 91' lang='lat' dir='ltr'>salutem.</span> <span class='ocrx_word' id='word_1_124' title='bbox 1304 3032 1436 3148; x_wconf 51' lang='lat' dir='ltr'>{ffi’ffi</span> 
     </span>
     <span class='ocr_line' id='line_1_21' title="bbox 238 3151 1395 3240; baseline -0.003 -23"><span class='ocrx_word' id='word_1_125' title='bbox 238 3152 345 3237; x_wconf 84' lang='lat' dir='ltr'>Super</span> <span class='ocrx_word' id='word_1_126' title='bbox 382 3174 448 3238; x_wconf 93' lang='lat' dir='ltr'>quo</span> <span class='ocrx_word' id='word_1_127' title='bbox 486 3156 599 3216; x_wconf 89' lang='lat' dir='ltr'>vestra</span> <span class='ocrx_word' id='word_1_128' title='bbox 638 3152 771 3215; x_wconf 85' lang='lat' dir='ltr'>noverit</span> <span class='ocrx_word' id='word_1_129' title='bbox 808 3151 929 3216; x_wconf 86' lang='lat' dir='ltr'>caritas</span> <span class='ocrx_word' id='word_1_130' title='bbox 966 3151 1163 3228; x_wconf 84' lang='lat' dir='ltr'>veneranda,</span> <span class='ocrx_word' id='word_1_131' title='bbox 1202 3151 1290 3236; x_wconf 92' lang='lat' dir='ltr'>quod</span> <span class='ocrx_word' id='word_1_132' title='bbox 1304 3163 1395 3240; x_wconf 56' lang='lat' dir='ltr'>uisne</span> 
     </span>
     <span class='ocr_line' id='line_1_22' title="bbox 237 3238 1433 3347; baseline 0 -30"><span class='ocrx_word' id='word_1_133' title='bbox 237 3254 374 3319; x_wconf 92' lang='lat' dir='ltr'>devotos</span> <span class='ocrx_word' id='word_1_134' title='bbox 397 3258 583 3318; x_wconf 80' lang='lat' dir='ltr'>vestrarum</span> <span class='ocrx_word' id='word_1_135' title='bbox 605 3253 714 3337; x_wconf 90' lang='lat' dir='ltr'>apices</span> <span class='ocrx_word' id='word_1_136' title='bbox 744 3252 940 3331; x_wconf 88' lang='lat' dir='ltr'>litterarum,</span> <span class='ocrx_word' id='word_1_137' title='bbox 965 3274 1023 3338; x_wconf 89' lang='lat' dir='ltr'>per</span> <span class='ocrx_word' id='word_1_138' title='bbox 1045 3252 1185 3317; x_wconf 89' lang='lat' dir='ltr'>latorem</span> <span class='ocrx_word' id='word_1_139' title='bbox 1207 3274 1291 3339; x_wconf 89' lang='lat' dir='ltr'>prae-</span> <span class='ocrx_word' id='word_1_140' title='bbox 1304 3238 1433 3347; x_wconf 46' lang='lat' dir='ltr'>fflffi„</span> 
     </span>
     <span class='ocr_line' id='line_1_23' title="bbox 238 3353 1436 3442; baseline -0.001 -22"><span class='ocrx_word' id='word_1_141' title='bbox 238 3356 392 3433; x_wconf 87' lang='lat' dir='ltr'>sentium,</span> <span class='ocrx_word' id='word_1_142' title='bbox 424 3360 518 3441; x_wconf 81' lang='lat' dir='ltr'>grate</span> <span class='ocrx_word' id='word_1_143' title='bbox 553 3358 588 3420; x_wconf 91' lang='lat' dir='ltr'>et</span> <span class='ocrx_word' id='word_1_144' title='bbox 619 3354 676 3441; x_wconf 93' lang='lat' dir='ltr'>pio</span> <span class='ocrx_word' id='word_1_145' title='bbox 713 3353 829 3420; x_wconf 84' lang='lat' dir='ltr'>favore</span> <span class='ocrx_word' id='word_1_146' title='bbox 867 3356 1081 3442; x_wconf 88' lang='lat' dir='ltr'>suscepimus,</span> <span class='ocrx_word' id='word_1_147' title='bbox 1120 3354 1292 3420; x_wconf 88' lang='lat' dir='ltr'>devotioni</span> <span class='ocrx_word' id='word_1_148' title='bbox 1304 3364 1381 3439; x_wconf 67' lang='lat' dir='ltr'>nean</span> <span class='ocrx_word' id='word_1_149' title='bbox 1392 3364 1436 3414; x_wconf 83' lang='lat' dir='ltr'>be-</span> 
     </span>
     <span class='ocr_line' id='line_1_24' title="bbox 237 3429 1451 3544; baseline 0.001 -24"><span class='ocrx_word' id='word_1_150' title='bbox 237 3462 358 3521; x_wconf 85' lang='lat' dir='ltr'>vestrae</span> <span class='ocrx_word' id='word_1_151' title='bbox 408 3456 660 3542; x_wconf 85' lang='lat' dir='ltr'>supplicationis</span> <span class='ocrx_word' id='word_1_152' title='bbox 699 3476 741 3520; x_wconf 80' lang='lat' dir='ltr'>ex</span> <span class='ocrx_word' id='word_1_153' title='bbox 779 3456 908 3520; x_wconf 91' lang='lat' dir='ltr'>intimis</span> <span class='ocrx_word' id='word_1_154' title='bbox 955 3456 1220 3542; x_wconf 79' lang='lat' dir='ltr'>congaudentes3</span> <span class='ocrx_word' id='word_1_155' title='bbox 1257 3429 1451 3544; x_wconf 54' lang='lat' dir='ltr'>etfflnssto</span> 
     </span>
    </p>
   </div>
   <div class='ocr_carea' id='block_1_6' title="bbox 237 3558 1420 4559">
    <p class='ocr_par' dir='ltr' id='par_1_8' title="bbox 237 3558 1420 4559">
     <span class='ocr_line' id='line_1_25' title="bbox 237 3558 1420 3645; baseline 0.003 -22"><span class='ocrx_word' id='word_1_156' title='bbox 237 3580 407 3645; x_wconf 88' lang='lat' dir='ltr'>speramus</span> <span class='ocrx_word' id='word_1_157' title='bbox 439 3561 473 3623; x_wconf 90' lang='lat' dir='ltr'>in</span> <span class='ocrx_word' id='word_1_158' title='bbox 507 3558 662 3635; x_wconf 89' lang='lat' dir='ltr'>Domino,</span> <span class='ocrx_word' id='word_1_159' title='bbox 684 3559 772 3644; x_wconf 94' lang='lat' dir='ltr'>quod</span> <span class='ocrx_word' id='word_1_160' title='bbox 796 3566 917 3624; x_wconf 87' lang='lat' dir='ltr'>vestras</span> <span class='ocrx_word' id='word_1_161' title='bbox 951 3560 1088 3645; x_wconf 86' lang='lat' dir='ltr'>pietatis</span> <span class='ocrx_word' id='word_1_162' title='bbox 1120 3559 1420 3636; x_wconf 70' lang='lat' dir='ltr'>desideria‚ueeure¹r</span> 
     </span>
     <span class='ocr_line' id='line_1_26' title="bbox 237 3628 1404 3747; baseline 0 -20"><span class='ocrx_word' id='word_1_163' title='bbox 237 3662 417 3728; x_wconf 89' lang='lat' dir='ltr'>secundum</span> <span class='ocrx_word' id='word_1_164' title='bbox 455 3662 544 3747; x_wconf 92' lang='lat' dir='ltr'>quod</span> <span class='ocrx_word' id='word_1_165' title='bbox 582 3669 700 3728; x_wconf 88' lang='lat' dir='ltr'>mutua</span> <span class='ocrx_word' id='word_1_166' title='bbox 738 3666 852 3727; x_wconf 90' lang='lat' dir='ltr'>nostra</span> <span class='ocrx_word' id='word_1_167' title='bbox 899 3662 1095 3726; x_wconf 88' lang='lat' dir='ltr'>fraternitas</span> <span class='ocrx_word' id='word_1_168' title='bbox 1133 3661 1219 3725; x_wconf 88' lang='lat' dir='ltr'>inita</span> <span class='ocrx_word' id='word_1_169' title='bbox 1257 3668 1291 3727; x_wconf 90' lang='lat' dir='ltr'>et</span> <span class='ocrx_word' id='word_1_170' title='bbox 1304 3628 1404 3745; x_wconf 48' lang='lat' dir='ltr'>{w</span> 
     </span>
     <span class='ocr_line' id='line_1_27' title="bbox 238 3760 1417 3850; baseline 0 -21"><span class='ocrx_word' id='word_1_171' title='bbox 238 3769 409 3830; x_wconf 87' lang='lat' dir='ltr'>contracta</span> <span class='ocrx_word' id='word_1_172' title='bbox 432 3764 583 3849; x_wconf 80' lang='lat' dir='ltr'>requirit,</span> <span class='ocrx_word' id='word_1_173' title='bbox 605 3762 845 3850; x_wconf 89' lang='lat' dir='ltr'>complebimus</span> <span class='ocrx_word' id='word_1_174' title='bbox 867 3785 925 3849; x_wconf 89' lang='lat' dir='ltr'>per</span> <span class='ocrx_word' id='word_1_175' title='bbox 947 3764 1067 3843; x_wconf 89' lang='lat' dir='ltr'>omnia,</span> <span class='ocrx_word' id='word_1_176' title='bbox 1084 3764 1156 3828; x_wconf 92' lang='lat' dir='ltr'>Deo</span> <span class='ocrx_word' id='word_1_177' title='bbox 1172 3760 1417 3843; x_wconf 69' lang='lat' dir='ltr'>dante;⁰h¹110¹¹·</span> 
     </span>
     <span class='ocr_line' id='line_1_28' title="bbox 240 3864 1291 3952; baseline 0.001 -23"><span class='ocrx_word' id='word_1_178' title='bbox 240 3866 422 3951; x_wconf 90' lang='lat' dir='ltr'>quinimmo</span> <span class='ocrx_word' id='word_1_179' title='bbox 462 3866 564 3931; x_wconf 88' lang='lat' dir='ltr'>etiam</span> <span class='ocrx_word' id='word_1_180' title='bbox 610 3866 779 3952; x_wconf 85' lang='lat' dir='ltr'>reciproca</span> <span class='ocrx_word' id='word_1_181' title='bbox 821 3864 1063 3951; x_wconf 89' lang='lat' dir='ltr'>supplicatione</span> <span class='ocrx_word' id='word_1_182' title='bbox 1111 3887 1291 3950; x_wconf 88' lang='lat' dir='ltr'>precamur,</span> 
     </span>
     <span class='ocr_line' id='line_1_29' title="bbox 238 3966 1293 4034; baseline 0.002 -3"><span class='ocrx_word' id='word_1_183' title='bbox 238 3968 325 4034; x_wconf 91' lang='lat' dir='ltr'>sicut</span> <span class='ocrx_word' id='word_1_184' title='bbox 362 3969 463 4033; x_wconf 92' lang='lat' dir='ltr'>etiam</span> <span class='ocrx_word' id='word_1_185' title='bbox 501 3972 601 4032; x_wconf 88' lang='lat' dir='ltr'>antea</span> <span class='ocrx_word' id='word_1_186' title='bbox 639 3966 830 4032; x_wconf 86' lang='lat' dir='ltr'>fecissemus</span> <span class='ocrx_word' id='word_1_187' title='bbox 867 3966 1005 4031; x_wconf 85' lang='lat' dir='ltr'>indubie</span> <span class='ocrx_word' id='word_1_188' title='bbox 1027 3968 1055 4031; x_wconf 85' lang='lat' dir='ltr'>si</span> <span class='ocrx_word' id='word_1_189' title='bbox 1086 3988 1139 4032; x_wconf 89' lang='lat' dir='ltr'>ras</span> <span class='ocrx_word' id='word_1_190' title='bbox 1174 3968 1293 4033; x_wconf 87' lang='lat' dir='ltr'>bellica</span> 
     </span>
     <span class='ocr_line' id='line_1_30' title="bbox 237 4067 1293 4155; baseline -0.001 -20"><span class='ocrx_word' id='word_1_191' title='bbox 237 4070 447 4155; x_wconf 86' lang='lat' dir='ltr'>permisisset,</span> <span class='ocrx_word' id='word_1_192' title='bbox 470 4074 511 4134; x_wconf 88' lang='lat' dir='ltr'>ut</span> <span class='ocrx_word' id='word_1_193' title='bbox 534 4073 656 4135; x_wconf 83' lang='lat' dir='ltr'>nostrae</span> <span class='ocrx_word' id='word_1_194' title='bbox 690 4089 821 4154; x_wconf 88' lang='lat' dir='ltr'>quoque</span> <span class='ocrx_word' id='word_1_195' title='bbox 854 4067 1103 4133; x_wconf 81' lang='lat' dir='ltr'>Cantuariensis</span> <span class='ocrx_word' id='word_1_196' title='bbox 1137 4069 1293 4136; x_wconf 83' lang='lat' dir='ltr'>Ecclesiae</span> 
     </span>
     <span class='ocr_line' id='line_1_31' title="bbox 239 4168 1293 4256; baseline 0 -21"><span class='ocrx_word' id='word_1_197' title='bbox 239 4170 380 4247; x_wconf 84' lang='lat' dir='ltr'>Fratres,</span> <span class='ocrx_word' id='word_1_198' title='bbox 412 4170 466 4256; x_wconf 89' lang='lat' dir='ltr'>pie</span> <span class='ocrx_word' id='word_1_199' title='bbox 502 4168 678 4247; x_wconf 88' lang='lat' dir='ltr'>memorias,</span> <span class='ocrx_word' id='word_1_200' title='bbox 718 4168 883 4245; x_wconf 88' lang='lat' dir='ltr'>videlicet,</span> <span class='ocrx_word' id='word_1_201' title='bbox 915 4168 1098 4233; x_wconf 82' lang='lat' dir='ltr'>Dominum</span> <span class='ocrx_word' id='word_1_202' title='bbox 1132 4170 1293 4235; x_wconf 84' lang='lat' dir='ltr'>Thomam</span> 
     </span>
     <span class='ocr_line' id='line_1_32' title="bbox 240 4270 1294 4356; baseline 0 -21"><span class='ocrx_word' id='word_1_203' title='bbox 240 4270 396 4348; x_wconf 90' lang='lat' dir='ltr'>Priorem,</span> <span class='ocrx_word' id='word_1_204' title='bbox 412 4270 643 4336; x_wconf 88' lang='lat' dir='ltr'>immediatum</span> <span class='ocrx_word' id='word_1_205' title='bbox 666 4270 938 4355; x_wconf 83' lang='lat' dir='ltr'>praedecessorem</span> <span class='ocrx_word' id='word_1_206' title='bbox 954 4276 1105 4334; x_wconf 90' lang='lat' dir='ltr'>nostrum</span> <span class='ocrx_word' id='word_1_207' title='bbox 1131 4270 1204 4356; x_wconf 87' lang='lat' dir='ltr'>(qui</span> <span class='ocrx_word' id='word_1_208' title='bbox 1226 4290 1294 4335; x_wconf 92' lang='lat' dir='ltr'>non</span> 
     </span>
     <span class='ocr_line' id='line_1_33' title="bbox 241 4370 1295 4458; baseline -0.003 -21"><span class='ocrx_word' id='word_1_209' title='bbox 241 4394 262 4437; x_wconf 92' lang='lat' dir='ltr'>a</span> <span class='ocrx_word' id='word_1_210' title='bbox 297 4372 364 4449; x_wconf 88' lang='lat' dir='ltr'>diu,</span> <span class='ocrx_word' id='word_1_211' title='bbox 394 4376 543 4458; x_wconf 88' lang='lat' dir='ltr'>tempore</span> <span class='ocrx_word' id='word_1_212' title='bbox 577 4371 771 4456; x_wconf 90' lang='lat' dir='ltr'>nuptiarum</span> <span class='ocrx_word' id='word_1_213' title='bbox 809 4370 1027 4435; x_wconf 88' lang='lat' dir='ltr'>serenissimae</span> <span class='ocrx_word' id='word_1_214' title='bbox 1059 4372 1295 4437; x_wconf 89' lang='lat' dir='ltr'>recordationis</span> 
     </span>
     <span class='ocr_line' id='line_1_34' title="bbox 240 4470 1293 4559; baseline -0.001 -22"><span class='ocrx_word' id='word_1_215' title='bbox 240 4473 374 4539; x_wconf 82' lang='lat' dir='ltr'>Ricardi</span> <span class='ocrx_word' id='word_1_216' title='bbox 397 4474 497 4559; x_wconf 84' lang='lat' dir='ltr'>Regis</span> <span class='ocrx_word' id='word_1_217' title='bbox 520 4472 651 4559; x_wconf 78' lang='lat' dir='ltr'>Angliae</span> <span class='ocrx_word' id='word_1_218' title='bbox 667 4476 701 4536; x_wconf 90' lang='lat' dir='ltr'>et</span> <span class='ocrx_word' id='word_1_219' title='bbox 718 4470 871 4537; x_wconf 75' lang='lat' dir='ltr'>isabellae</span> <span class='ocrx_word' id='word_1_220' title='bbox 894 4471 1031 4557; x_wconf 81' lang='lat' dir='ltr'>Reginae</span> <span class='ocrx_word' id='word_1_221' title='bbox 1054 4472 1293 4538; x_wconf 88' lang='lat' dir='ltr'>celebratarum</span> 
     </span>
    </p>
   </div>
   <div class='ocr_carea' id='block_1_7' title="bbox 244 4572 1293 4661">
    <p class='ocr_par' dir='ltr' id='par_1_9' title="bbox 244 4572 1293 4661">
     <span class='ocr_line' id='line_1_35' title="bbox 244 4572 1293 4661; baseline -0.005 -20"><span class='ocrx_word' id='word_1_222' title='bbox 244 4574 386 4652; x_wconf 69' lang='lat' dir='ltr'>Calisiis</span> <span class='ocrx_word' id='word_1_223' title='bbox 409 4574 452 4639; x_wconf 87' lang='lat' dir='ltr'>ad</span> <span class='ocrx_word' id='word_1_224' title='bbox 474 4593 534 4639; x_wconf 90' lang='lat' dir='ltr'>vos</span> <span class='ocrx_word' id='word_1_225' title='bbox 556 4572 775 4661; x_wconf 89' lang='lat' dir='ltr'>personaliter</span> <span class='ocrx_word' id='word_1_226' title='bbox 805 4572 971 4650; x_wconf 89' lang='lat' dir='ltr'>accedens,</span> <span class='ocrx_word' id='word_1_227' title='bbox 993 4594 1069 4639; x_wconf 90' lang='lat' dir='ltr'>cum</span> <span class='ocrx_word' id='word_1_228' title='bbox 1103 4594 1169 4658; x_wconf 92' lang='lat' dir='ltr'>quo</span> <span class='ocrx_word' id='word_1_229' title='bbox 1191 4574 1293 4638; x_wconf 86' lang='lat' dir='ltr'>etiam</span> 
     </span>
    </p>
   </div>
   <div class='ocr_carea' id='block_1_8' title="bbox 667 4815 853 4873">
    <p class='ocr_par' dir='ltr' id='par_1_10' title="bbox 667 4815 853 4873">
     <span class='ocr_line' id='line_1_36' title="bbox 667 4815 853 4873; baseline 0 -8"><span class='ocrx_word' id='word_1_230' title='bbox 667 4815 674 4847; x_wconf 95' lang='lat'><strong>¹</strong></span> <span class='ocrx_word' id='word_1_231' title='bbox 687 4822 719 4873; x_wconf 79' lang='lat' dir='ltr'>et,</span> <span class='ocrx_word' id='word_1_232' title='bbox 731 4830 782 4865; x_wconf 85' lang='lat' dir='ltr'>om.</span> <span class='ocrx_word' id='word_1_233' title='bbox 793 4815 853 4867; x_wconf 77' lang='lat' dir='ltr'>MS.</span> 
     </span>
    </p>
   </div>
   <div class='ocr_carea' id='block_1_9' title="bbox 0 0 1697 5800">
    <p class='ocr_par' dir='ltr' id='par_1_11' title="bbox 0 0 1697 5800">
     <span class='ocr_line' id='line_1_37' title="bbox 0 0 1697 5800; baseline 0 0"><span class='ocrx_word' id='word_1_234' title='bbox 0 0 1697 5800; x_wconf 95' lang='lat' dir='ltr'> </span> 
     </span>
    </p>
   </div>
  </div>
 </body>
</html>
