<?xml version="1.0" encoding="UTF-8"?>
<!DOCTYPE html PUBLIC "-//W3C//DTD XHTML 1.0 Transitional//EN"
    "http://www.w3.org/TR/xhtml1/DTD/xhtml1-transitional.dtd">
<html xmlns="http://www.w3.org/1999/xhtml" xml:lang="en" lang="en">
 <head>
  <title>
</title>
<meta http-equiv="Content-Type" content="text/html;charset=utf-8" />
  <meta name='ocr-system' content='tesseract 3.04.00' />
  <meta name='ocr-capabilities' content='ocr_page ocr_carea ocr_par ocr_line ocrx_word'/>
</head>
<body>
  <div class='ocr_page' id='page_1' title='image "./literaecantuari00shepgoog/literaecantuari00shepgoog_0332.png"; bbox 0 0 3350 5800; ppageno 0'>
   <div class='ocr_carea' id='block_1_1' title="bbox 572 878 1243 955">
    <p class='ocr_par' dir='ltr' id='par_1_1' title="bbox 572 878 1243 955">
     <span class='ocr_line' id='line_1_1' title="bbox 572 878 1243 955; baseline 0.001 -1"><span class='ocrx_word' id='word_1_1' title='bbox 572 902 863 955; x_wconf 74' lang='lat' dir='ltr'><strong>cauruamsnsrs.</strong></span> <span class='ocrx_word' id='word_1_2' title='bbox 885 878 888 882; x_wconf 72' lang='grc'>’</span> <span class='ocrx_word' id='word_1_3' title='bbox 1180 892 1243 955; x_wconf 80' lang='grc'><strong>261</strong></span> 
     </span>
    </p>
   </div>
   <div class='ocr_carea' id='block_1_2' title="bbox 188 1088 1247 2886">
    <p class='ocr_par' dir='ltr' id='par_1_2' title="bbox 188 1088 1247 2886">
     <span class='ocr_line' id='line_1_2' title="bbox 191 1088 1244 1177; baseline 0.003 -23"><span class='ocrx_word' id='word_1_4' title='bbox 191 1089 339 1156; x_wconf 86' lang='lat' dir='ltr'><strong>volentia</strong></span> <span class='ocrx_word' id='word_1_5' title='bbox 363 1092 606 1177; x_wconf 78' lang='lat' dir='ltr'><strong>singularique</strong></span> <span class='ocrx_word' id='word_1_6' title='bbox 627 1090 769 1156; x_wconf 91' lang='lat' dir='ltr'><strong>eundem</strong></span> <span class='ocrx_word' id='word_1_7' title='bbox 785 1088 923 1157; x_wconf 83' lang='lat' dir='ltr'><strong>fratrem</strong></span> <span class='ocrx_word' id='word_1_8' title='bbox 947 1114 1057 1158; x_wconf 88' lang='lat' dir='ltr'><strong>meum</strong></span> <span class='ocrx_word' id='word_1_9' title='bbox 1073 1092 1244 1160; x_wconf 87' lang='lat' dir='ltr'><strong>dilectissi-</strong></span> 
     </span>
     <span class='ocr_line' id='line_1_3' title="bbox 191 1192 1242 1279; baseline 0 -22"><span class='ocrx_word' id='word_1_10' title='bbox 191 1215 282 1258; x_wconf 89' lang='lat' dir='ltr'><strong>mum</strong></span> <span class='ocrx_word' id='word_1_11' title='bbox 320 1194 465 1258; x_wconf 88' lang='lat' dir='ltr'><strong>studiose</strong></span> <span class='ocrx_word' id='word_1_12' title='bbox 512 1192 745 1278; x_wconf 83' lang='lat' dir='ltr'><strong>complecteris,</strong></span> <span class='ocrx_word' id='word_1_13' title='bbox 783 1193 878 1278; x_wconf 88' lang='lat' dir='ltr'><strong>eujus</strong></span> <span class='ocrx_word' id='word_1_14' title='bbox 924 1194 1162 1279; x_wconf 79' lang='lat' dir='ltr'><strong>promotionem</strong></span> <span class='ocrx_word' id='word_1_15' title='bbox 1200 1194 1242 1258; x_wconf 89' lang='lat' dir='ltr'><strong>ad</strong></span> 
     </span>
     <span class='ocr_line' id='line_1_4' title="bbox 192 1294 1243 1381; baseline 0.002 -22"><span class='ocrx_word' id='word_1_16' title='bbox 192 1296 407 1381; x_wconf 82' lang='lat' dir='ltr'><strong>magistratus</strong></span> <span class='ocrx_word' id='word_1_17' title='bbox 456 1295 663 1381; x_wconf 70' lang='lat' dir='ltr'><strong>dignitatem,</strong></span> <span class='ocrx_word' id='word_1_18' title='bbox 701 1316 776 1359; x_wconf 90' lang='lat' dir='ltr'><strong>eum</strong></span> <span class='ocrx_word' id='word_1_19' title='bbox 815 1296 884 1381; x_wconf 90' lang='lat' dir='ltr'><strong>ipse</strong></span> <span class='ocrx_word' id='word_1_20' title='bbox 922 1294 1113 1381; x_wconf 90' lang='lat' dir='ltr'><strong>plurimum,</strong></span> <span class='ocrx_word' id='word_1_21' title='bbox 1150 1301 1243 1381; x_wconf 91' lang='lat' dir='ltr'><strong>optes</strong></span> 
     </span>
     <span class='ocr_line' id='line_1_5' title="bbox 189 1396 1244 1483; baseline 0.001 -23"><span class='ocrx_word' id='word_1_22' title='bbox 189 1397 327 1461; x_wconf 84' lang='lat' dir='ltr'><strong>celerem</strong></span> <span class='ocrx_word' id='word_1_23' title='bbox 362 1396 441 1462; x_wconf 85' lang='lat' dir='ltr'><strong>fore.</strong></span> <span class='ocrx_word' id='word_1_24' title='bbox 489 1397 566 1461; x_wconf 90' lang='lat' dir='ltr'><strong>Non</strong></span> <span class='ocrx_word' id='word_1_25' title='bbox 599 1396 697 1461; x_wconf 90' lang='lat' dir='ltr'><strong>debes</strong></span> <span class='ocrx_word' id='word_1_26' title='bbox 729 1401 842 1461; x_wconf 85' lang='lat' dir='ltr'><strong>tamen</strong></span> <span class='ocrx_word' id='word_1_27' title='bbox 875 1397 1032 1462; x_wconf 84' lang='lat' dir='ltr'><strong>admirari</strong></span> <span class='ocrx_word' id='word_1_28' title='bbox 1064 1397 1151 1483; x_wconf 91' lang='lat' dir='ltr'><strong>quod</strong></span> <span class='ocrx_word' id='word_1_29' title='bbox 1183 1418 1244 1461; x_wconf 92' lang='lat' dir='ltr'><strong>nos</strong></span> 
     </span>
     <span class='ocr_line' id='line_1_6' title="bbox 188 1500 1243 1585; baseline 0.003 -22"><span class='ocrx_word' id='word_1_30' title='bbox 188 1504 338 1564; x_wconf 88' lang='lat' dir='ltr'><strong>nostrum</strong></span> <span class='ocrx_word' id='word_1_31' title='bbox 374 1500 416 1564; x_wconf 87' lang='lat' dir='ltr'><strong>ad</strong></span> <span class='ocrx_word' id='word_1_32' title='bbox 451 1500 486 1563; x_wconf 91' lang='lat' dir='ltr'><strong>id</strong></span> <span class='ocrx_word' id='word_1_33' title='bbox 517 1520 686 1564; x_wconf 83' lang='lat' dir='ltr'><strong>assensum</strong></span> <span class='ocrx_word' id='word_1_34' title='bbox 721 1504 878 1585; x_wconf 83' lang='lat' dir='ltr'><strong>praestare</strong></span> <span class='ocrx_word' id='word_1_35' title='bbox 903 1500 1103 1576; x_wconf 90' lang='lat' dir='ltr'><strong>distulimus,</strong></span> <span class='ocrx_word' id='word_1_36' title='bbox 1126 1500 1243 1566; x_wconf 88' lang='lat' dir='ltr'><strong>multae</strong></span> 
     </span>
     <span class='ocr_line' id='line_1_7' title="bbox 190 1601 1243 1687; baseline 0.002 -22"><span class='ocrx_word' id='word_1_37' title='bbox 190 1605 230 1665; x_wconf 90' lang='lat' dir='ltr'><strong>ut</strong></span> <span class='ocrx_word' id='word_1_38' title='bbox 264 1605 342 1665; x_wconf 90' lang='lat' dir='ltr'><strong>sunt</strong></span> <span class='ocrx_word' id='word_1_39' title='bbox 374 1622 481 1667; x_wconf 84' lang='lat' dir='ltr'><strong>causes</strong></span> <span class='ocrx_word' id='word_1_40' title='bbox 500 1601 702 1685; x_wconf 79' lang='lat' dir='ltr'><strong>justissimre,</strong></span> <span class='ocrx_word' id='word_1_41' title='bbox 735 1622 810 1666; x_wconf 85' lang='lat' dir='ltr'><strong>eum</strong></span> <span class='ocrx_word' id='word_1_42' title='bbox 846 1601 950 1687; x_wconf 89' lang='lat' dir='ltr'><strong>ipsius</strong></span> <span class='ocrx_word' id='word_1_43' title='bbox 974 1602 1132 1666; x_wconf 85' lang='lat' dir='ltr'><strong>honorem</strong></span> <span class='ocrx_word' id='word_1_44' title='bbox 1170 1610 1243 1667; x_wconf 91' lang='lat' dir='ltr'><strong>tum</strong></span> 
     </span>
     <span class='ocr_line' id='line_1_8' title="bbox 189 1702 1244 1789; baseline 0.002 -23"><span class='ocrx_word' id='word_1_45' title='bbox 189 1702 333 1769; x_wconf 81' lang='lat' dir='ltr'><strong>ecelesiae</strong></span> <span class='ocrx_word' id='word_1_46' title='bbox 365 1702 547 1767; x_wconf 69' lang='lat' dir='ltr'><strong>utilitatem</strong></span> <span class='ocrx_word' id='word_1_47' title='bbox 571 1702 790 1787; x_wconf 83' lang='lat' dir='ltr'><strong>respicientes,</strong></span> <span class='ocrx_word' id='word_1_48' title='bbox 814 1723 916 1787; x_wconf 88' lang='lat' dir='ltr'><strong>quare</strong></span> <span class='ocrx_word' id='word_1_49' title='bbox 949 1703 1020 1768; x_wconf 89' lang='lat' dir='ltr'><strong>haec</strong></span> <span class='ocrx_word' id='word_1_50' title='bbox 1042 1703 1145 1788; x_wconf 88' lang='lat' dir='ltr'><strong>ipsius</strong></span> <span class='ocrx_word' id='word_1_51' title='bbox 1168 1725 1244 1789; x_wconf 91' lang='lat' dir='ltr'><strong>pro-</strong></span> 
     </span>
     <span class='ocr_line' id='line_1_9' title="bbox 193 1804 1243 1890; baseline 0.001 -21"><span class='ocrx_word' id='word_1_52' title='bbox 193 1805 296 1869; x_wconf 91' lang='lat' dir='ltr'><strong>motio</strong></span> <span class='ocrx_word' id='word_1_53' title='bbox 319 1804 502 1869; x_wconf 83' lang='lat' dir='ltr'><strong>differenda</strong></span> <span class='ocrx_word' id='word_1_54' title='bbox 523 1806 577 1879; x_wconf 87' lang='lat' dir='ltr'><strong>sit,</strong></span> <span class='ocrx_word' id='word_1_55' title='bbox 600 1825 682 1889; x_wconf 85' lang='lat' dir='ltr'><strong>quas</strong></span> <span class='ocrx_word' id='word_1_56' title='bbox 705 1810 800 1889; x_wconf 87' lang='lat' dir='ltr'><strong>pater</strong></span> <span class='ocrx_word' id='word_1_57' title='bbox 824 1812 858 1869; x_wconf 89' lang='lat' dir='ltr'><strong>te</strong></span> <span class='ocrx_word' id='word_1_58' title='bbox 873 1810 955 1889; x_wconf 90' lang='lat' dir='ltr'><strong>puto</strong></span> <span class='ocrx_word' id='word_1_59' title='bbox 978 1805 1021 1869; x_wconf 90' lang='lat' dir='ltr'><strong>ab</strong></span> <span class='ocrx_word' id='word_1_60' title='bbox 1044 1806 1115 1890; x_wconf 89' lang='lat' dir='ltr'><strong>ipso</strong></span> <span class='ocrx_word' id='word_1_61' title='bbox 1130 1806 1243 1870; x_wconf 86' lang='lat' dir='ltr'><strong>codem</strong></span> 
     </span>
     <span class='ocr_line' id='line_1_10' title="bbox 192 1904 1244 1995; baseline 0.004 -28"><span class='ocrx_word' id='word_1_62' title='bbox 192 1904 377 1990; x_wconf 86' lang='lat' dir='ltr'><strong>intelligere</strong></span> <span class='ocrx_word' id='word_1_63' title='bbox 409 1926 510 1991; x_wconf 91' lang='lat' dir='ltr'><strong>posse.</strong></span> <span class='ocrx_word' id='word_1_64' title='bbox 570 1904 655 1970; x_wconf 81' lang='lat' dir='ltr'><strong>Cum</strong></span> <span class='ocrx_word' id='word_1_65' title='bbox 694 1910 806 1969; x_wconf 82' lang='lat' dir='ltr'><strong>autem</strong></span> <span class='ocrx_word' id='word_1_66' title='bbox 840 1904 943 1990; x_wconf 85' lang='lat' dir='ltr'><strong>(quod</strong></span> <span class='ocrx_word' id='word_1_67' title='bbox 982 1911 1016 1969; x_wconf 92' lang='lat' dir='ltr'><strong>te</strong></span> <span class='ocrx_word' id='word_1_68' title='bbox 1047 1927 1244 1995; x_wconf 87' lang='lat' dir='ltr'><strong>magnopere</strong></span> 
     </span>
     <span class='ocr_line' id='line_1_11' title="bbox 191 2005 1244 2091; baseline 0.002 -21"><span class='ocrx_word' id='word_1_69' title='bbox 191 2028 270 2091; x_wconf 84' lang='lat' dir='ltr'><strong>rogo</strong></span> <span class='ocrx_word' id='word_1_70' title='bbox 304 2006 355 2071; x_wconf 91' lang='lat' dir='ltr'><strong>uti</strong></span> <span class='ocrx_word' id='word_1_71' title='bbox 389 2006 493 2072; x_wconf 83' lang='lat' dir='ltr'><strong>facias</strong></span> <span class='ocrx_word' id='word_1_72' title='bbox 516 2007 551 2069; x_wconf 89' lang='lat' dir='ltr'><strong>in</strong></span> <span class='ocrx_word' id='word_1_73' title='bbox 575 2006 668 2070; x_wconf 90' lang='lat' dir='ltr'><strong>brevi</strong></span> <span class='ocrx_word' id='word_1_74' title='bbox 701 2005 871 2087; x_wconf 75' lang='lat' dir='ltr'><strong>futurum)</strong></span> <span class='ocrx_word' id='word_1_75' title='bbox 903 2006 1046 2071; x_wconf 86' lang='lat' dir='ltr'><strong>invicem</strong></span> <span class='ocrx_word' id='word_1_76' title='bbox 1069 2028 1129 2071; x_wconf 90' lang='lat' dir='ltr'><strong>nos</strong></span> <span class='ocrx_word' id='word_1_77' title='bbox 1151 2007 1244 2072; x_wconf 78' lang='lat' dir='ltr'><strong>vide·</strong></span> 
     </span>
     <span class='ocr_line' id='line_1_12' title="bbox 191 2107 1244 2195; baseline 0.002 -24"><span class='ocrx_word' id='word_1_78' title='bbox 191 2108 308 2185; x_wconf 86' lang='lat' dir='ltr'><strong>bimus,</strong></span> <span class='ocrx_word' id='word_1_79' title='bbox 342 2130 381 2173; x_wconf 84' lang='lat' dir='ltr'><strong>ee</strong></span> <span class='ocrx_word' id='word_1_80' title='bbox 414 2114 532 2174; x_wconf 92' lang='lat' dir='ltr'><strong>mutuo</strong></span> <span class='ocrx_word' id='word_1_81' title='bbox 556 2108 596 2173; x_wconf 92' lang='lat' dir='ltr'><strong>de</strong></span> <span class='ocrx_word' id='word_1_82' title='bbox 632 2108 697 2171; x_wconf 87' lang='lat' dir='ltr'><strong>hiis</strong></span> <span class='ocrx_word' id='word_1_83' title='bbox 729 2107 868 2193; x_wconf 87' lang='lat' dir='ltr'><strong>aliisque</strong></span> <span class='ocrx_word' id='word_1_84' title='bbox 891 2109 989 2172; x_wconf 91' lang='lat' dir='ltr'><strong>rebus</strong></span> <span class='ocrx_word' id='word_1_85' title='bbox 1012 2109 1244 2195; x_wconf 79' lang='lat' dir='ltr'><strong>colloquamur,</strong></span> 
     </span>
     <span class='ocr_line' id='line_1_13' title="bbox 191 2208 1243 2293; baseline 0.002 -19"><span class='ocrx_word' id='word_1_86' title='bbox 191 2230 258 2275; x_wconf 87' lang='lat' dir='ltr'><strong>non</strong></span> <span class='ocrx_word' id='word_1_87' title='bbox 286 2210 404 2275; x_wconf 91' lang='lat' dir='ltr'><strong>dubito</strong></span> <span class='ocrx_word' id='word_1_88' title='bbox 440 2233 493 2276; x_wconf 90' lang='lat' dir='ltr'><strong>me</strong></span> <span class='ocrx_word' id='word_1_89' title='bbox 527 2231 656 2276; x_wconf 83' lang='lat' dir='ltr'><strong>ornnem</strong></span> <span class='ocrx_word' id='word_1_90' title='bbox 688 2208 787 2293; x_wconf 82' lang='lat' dir='ltr'><strong>hujus</strong></span> <span class='ocrx_word' id='word_1_91' title='bbox 826 2211 891 2274; x_wconf 90' lang='lat' dir='ltr'><strong>mei</strong></span> <span class='ocrx_word' id='word_1_92' title='bbox 922 2209 1051 2275; x_wconf 87' lang='lat' dir='ltr'><strong>consilii</strong></span> <span class='ocrx_word' id='word_1_93' title='bbox 1082 2212 1243 2276; x_wconf 79' lang='lat' dir='ltr'><strong>rationem</strong></span> 
     </span>
     <span class='ocr_line' id='line_1_14' title="bbox 192 2311 1240 2397; baseline 0.002 -22"><span class='ocrx_word' id='word_1_94' title='bbox 192 2311 415 2397; x_wconf 85' lang='lat' dir='ltr'><strong>probaturum.</strong></span> <span class='ocrx_word' id='word_1_95' title='bbox 461 2312 580 2377; x_wconf 77' lang='lat' dir='ltr'><strong>Valeat</strong></span> <span class='ocrx_word' id='word_1_96' title='bbox 615 2312 802 2397; x_wconf 78' lang='lat' dir='ltr'><strong>paternitas</strong></span> <span class='ocrx_word' id='word_1_97' title='bbox 825 2314 938 2376; x_wconf 90' lang='lat' dir='ltr'><strong>vestra</strong></span> <span class='ocrx_word' id='word_1_98' title='bbox 960 2313 1141 2378; x_wconf 90' lang='lat' dir='ltr'><strong>reverenda</strong></span> <span class='ocrx_word' id='word_1_99' title='bbox 1167 2312 1240 2377; x_wconf 83' lang='lat' dir='ltr'><strong>feli-</strong></span> 
     </span>
     <span class='ocr_line' id='line_1_15' title="bbox 192 2412 904 2499; baseline -0.001 -22"><span class='ocrx_word' id='word_1_100' title='bbox 192 2413 282 2478; x_wconf 83' lang='lat' dir='ltr'><strong>citer.</strong></span> <span class='ocrx_word' id='word_1_101' title='bbox 329 2413 382 2477; x_wconf 81' lang='lat' dir='ltr'><strong>Ex</strong></span> <span class='ocrx_word' id='word_1_102' title='bbox 398 2414 581 2480; x_wconf 79' lang='lat' dir='ltr'><strong>Centuarie</strong></span> <span class='ocrx_word' id='word_1_103' title='bbox 603 2414 710 2499; x_wconf 86' lang='lat' dir='ltr'><strong>primo</strong></span> <span class='ocrx_word' id='word_1_104' title='bbox 733 2413 786 2477; x_wconf 92' lang='lat' dir='ltr'><strong>die</strong></span> <span class='ocrx_word' id='word_1_105' title='bbox 809 2412 904 2477; x_wconf 89' lang='lat' dir='ltr'><strong>Julii.</strong></span> 
     </span>
     <span class='ocr_line' id='line_1_16' title="bbox 238 2513 1247 2599; baseline 0.001 -21"><span class='ocrx_word' id='word_1_106' title='bbox 238 2513 394 2599; x_wconf 85' lang='lat' dir='ltr'><strong>Ejusdem</strong></span> <span class='ocrx_word' id='word_1_107' title='bbox 410 2519 478 2579; x_wconf 86' lang='lat' dir='ltr'><strong>tuse</strong></span> <span class='ocrx_word' id='word_1_108' title='bbox 494 2515 683 2580; x_wconf 88' lang='lat' dir='ltr'><strong>reverendee</strong></span> <span class='ocrx_word' id='word_1_109' title='bbox 700 2515 914 2599; x_wconf 79' lang='lat' dir='ltr'><strong>paternitatis</strong></span> <span class='ocrx_word' id='word_1_110' title='bbox 929 2515 1095 2580; x_wconf 88' lang='lat' dir='ltr'><strong>studiosus</strong></span> <span class='ocrx_word' id='word_1_111' title='bbox 1117 2522 1247 2582; x_wconf 77' lang='lat' dir='ltr'><strong>ametor</strong></span> 
     </span>
     <span class='ocr_line' id='line_1_17' title="bbox 196 2616 469 2700; baseline 0.004 -21"><span class='ocrx_word' id='word_1_112' title='bbox 196 2620 295 2700; x_wconf 85' lang='lat' dir='ltr'><strong>etque</strong></span> <span class='ocrx_word' id='word_1_113' title='bbox 320 2616 469 2693; x_wconf 85' lang='lat' dir='ltr'><strong>servitor,</strong></span> 
     </span>
     <span class='ocr_line' id='line_1_18' title="bbox 776 2716 893 2793; baseline 0.026 -13"><span class='ocrx_word' id='word_1_114' title='bbox 776 2716 825 2783; x_wconf 92' lang='lat' dir='ltr'><strong>W.</strong></span> <span class='ocrx_word' id='word_1_115' title='bbox 851 2717 893 2793; x_wconf 72' lang='lat' dir='ltr'><strong>S„</strong></span> 
     </span>
     <span class='ocr_line' id='line_1_19' title="bbox 505 2818 1201 2886; baseline -0.001 -1"><span class='ocrx_word' id='word_1_116' title='bbox 505 2820 602 2885; x_wconf 88' lang='lat' dir='ltr'><strong>Prior</strong></span> <span class='ocrx_word' id='word_1_117' title='bbox 626 2818 770 2886; x_wconf 85' lang='lat' dir='ltr'><strong>eoelesiae</strong></span> <span class='ocrx_word' id='word_1_118' title='bbox 793 2818 920 2886; x_wconf 80' lang='lat' dir='ltr'><strong>Christi</strong></span> <span class='ocrx_word' id='word_1_119' title='bbox 943 2818 1201 2885; x_wconf 82' lang='lat' dir='ltr'><strong>Cantuariensis.</strong></span> 
     </span>
    </p>
   </div>
   <div class='ocr_carea' id='block_1_3' title="bbox 195 3119 1388 3277">
    <p class='ocr_par' dir='ltr' id='par_1_3' title="bbox 195 3119 1388 3277">
     <span class='ocr_line' id='line_1_20' title="bbox 195 3119 1382 3199; baseline -0.001 -14"><span class='ocrx_word' id='word_1_120' title='bbox 195 3119 560 3189; x_wconf 81' lang='lat' dir='ltr'><strong>107l.-Rrvsnanno</strong></span> <span class='ocrx_word' id='word_1_121' title='bbox 576 3138 614 3185; x_wconf 83' lang='lat' dir='ltr'><strong>m</strong></span> <span class='ocrx_word' id='word_1_122' title='bbox 637 3120 791 3188; x_wconf 79' lang='lat' dir='ltr'><strong>Gnslsro</strong></span> <span class='ocrx_word' id='word_1_123' title='bbox 808 3137 909 3185; x_wconf 77' lang='lat' dir='ltr'><strong>mrm</strong></span> <span class='ocrx_word' id='word_1_124' title='bbox 932 3122 1057 3187; x_wconf 84' lang='lat' dir='ltr'><strong>Pmom</strong></span> <span class='ocrx_word' id='word_1_125' title='bbox 1074 3122 1249 3187; x_wconf 74' lang='lat' dir='ltr'><strong>sesanna</strong></span> <span class='ocrx_word' id='word_1_126' title='bbox 1295 3134 1382 3199; x_wconf 77' lang='lat' dir='ltr'><strong>asep.</strong></span> 
     </span>
     <span class='ocr_line' id='line_1_21' title="bbox 543 3203 1388 3277; baseline -0.018 -1"><span class='ocrx_word' id='word_1_127' title='bbox 543 3227 681 3276; x_wconf 80' lang='lat' dir='ltr'><strong>onmem</strong></span> <span class='ocrx_word' id='word_1_128' title='bbox 705 3209 919 3277; x_wconf 75' lang='lat' dir='ltr'><strong>Gerrurmn</strong></span> <span class='ocrx_word' id='word_1_129' title='bbox 1285 3203 1388 3262; x_wconf 75' lang='lat'>(14⁷³)-</span> 
     </span>
    </p>
   </div>
   <div class='ocr_carea' id='block_1_4' title="bbox 687 3315 1389 3414">
    <p class='ocr_par' dir='ltr' id='par_1_4' title="bbox 687 3315 1389 3414">
     <span class='ocr_line' id='line_1_22' title="bbox 687 3315 1389 3414; baseline -0.009 -45"><span class='ocrx_word' id='word_1_130' title='bbox 687 3349 753 3414; x_wconf 43' lang='lat' dir='ltr'><strong>Ibe·</strong></span> <span class='ocrx_word' id='word_1_131' title='bbox 1265 3315 1292 3363; x_wconf 82' lang='lat' dir='ltr'><strong>L.</strong></span> <span class='ocrx_word' id='word_1_132' title='bbox 1304 3315 1335 3364; x_wconf 89' lang='lat' dir='ltr'><strong>B.</strong></span> <span class='ocrx_word' id='word_1_133' title='bbox 1349 3319 1389 3366; x_wconf 75' lang='lat'><strong>82.</strong></span> 
     </span>
    </p>
   </div>
   <div class='ocr_carea' id='block_1_5' title="bbox 239 3487 1370 3574">
    <p class='ocr_par' dir='ltr' id='par_1_5' title="bbox 239 3487 1370 3574">
     <span class='ocr_line' id='line_1_23' title="bbox 239 3487 1370 3574; baseline -0.004 -18"><span class='ocrx_word' id='word_1_134' title='bbox 239 3491 308 3556; x_wconf 86' lang='lat' dir='ltr'><strong>Suo</strong></span> <span class='ocrx_word' id='word_1_135' title='bbox 333 3489 655 3555; x_wconf 80' lang='lat' dir='ltr'><strong>reverendissimum</strong></span> <span class='ocrx_word' id='word_1_136' title='bbox 681 3487 815 3553; x_wconf 79' lang='lat' dir='ltr'><strong>Christo</strong></span> <span class='ocrx_word' id='word_1_137' title='bbox 834 3487 924 3552; x_wconf 85' lang='lat' dir='ltr'><strong>Patri</strong></span> <span class='ocrx_word' id='word_1_138' title='bbox 956 3508 1122 3574; x_wconf 84' lang='lat' dir='ltr'><strong>sacraeque</strong></span> <span class='ocrx_word' id='word_1_139' title='bbox 1145 3488 1370 3553; x_wconf 69' lang='lat' dir='ltr'><strong>Theo-Thomas</strong></span> 
     </span>
    </p>
   </div>
   <div class='ocr_carea' id='block_1_6' title="bbox 194 3560 1416 3680">
    <p class='ocr_par' dir='ltr' id='par_1_6' title="bbox 194 3560 1416 3680">
     <span class='ocr_line' id='line_1_24' title="bbox 194 3560 1416 3680; baseline -0.008 -24"><span class='ocrx_word' id='word_1_140' title='bbox 194 3590 290 3680; x_wconf 83' lang='lat' dir='ltr'><strong>logiae</strong></span> <span class='ocrx_word' id='word_1_141' title='bbox 313 3589 432 3654; x_wconf 88' lang='lat' dir='ltr'><strong>merito</strong></span> <span class='ocrx_word' id='word_1_142' title='bbox 464 3587 647 3654; x_wconf 86' lang='lat' dir='ltr'><strong>Professori</strong></span> <span class='ocrx_word' id='word_1_143' title='bbox 679 3587 768 3652; x_wconf 91' lang='lat' dir='ltr'><strong>filius</strong></span> <span class='ocrx_word' id='word_1_144' title='bbox 803 3609 933 3652; x_wconf 87' lang='lat' dir='ltr'><strong>summa</strong></span> <span class='ocrx_word' id='word_1_145' title='bbox 962 3609 1037 3652; x_wconf 88' lang='lat' dir='ltr'><strong>eum</strong></span> <span class='ocrx_word' id='word_1_146' title='bbox 1061 3588 1251 3653; x_wconf 87' lang='lat' dir='ltr'><strong>humilitate</strong></span> <span class='ocrx_word' id='word_1_147' title='bbox 1260 3560 1416 3675; x_wconf 52' lang='lat' dir='ltr'>fflgssm’</span> 
     </span>
    </p>
   </div>
   <div class='ocr_carea' id='block_1_7' title="bbox 194 3688 1405 3888">
    <p class='ocr_par' dir='ltr' id='par_1_7' title="bbox 194 3688 1405 3888">
     <span class='ocr_line' id='line_1_25' title="bbox 194 3688 1405 3788; baseline -0.007 -29"><span class='ocrx_word' id='word_1_148' title='bbox 194 3694 336 3759; x_wconf 78' lang='lat' dir='ltr'><strong>salutem</strong></span> <span class='ocrx_word' id='word_1_149' title='bbox 348 3691 525 3777; x_wconf 88' lang='lat' dir='ltr'><strong>plurimam</strong></span> <span class='ocrx_word' id='word_1_150' title='bbox 541 3690 630 3755; x_wconf 85' lang='lat' dir='ltr'><strong>dicit.</strong></span> <span class='ocrx_word' id='word_1_151' title='bbox 678 3688 775 3768; x_wconf 82' lang='lat' dir='ltr'><strong>Quod</strong></span> <span class='ocrx_word' id='word_1_152' title='bbox 791 3689 883 3767; x_wconf 88' lang='lat' dir='ltr'><strong>mihi,</strong></span> <span class='ocrx_word' id='word_1_153' title='bbox 894 3711 969 3754; x_wconf 88' lang='lat' dir='ltr'><strong>eum</strong></span> <span class='ocrx_word' id='word_1_154' title='bbox 985 3690 1083 3755; x_wconf 88' lang='lat' dir='ltr'><strong>istinc</strong></span> <span class='ocrx_word' id='word_1_155' title='bbox 1099 3691 1288 3775; x_wconf 79' lang='lat' dir='ltr'><strong>proximoof</strong></span> <span class='ocrx_word' id='word_1_156' title='bbox 1295 3690 1405 3788; x_wconf 57' lang='lat' dir='ltr'><strong>Carpop-</strong></span> 
     </span>
     <span class='ocr_line' id='line_1_26' title="bbox 194 3759 1398 3888; baseline -0.006 -27"><span class='ocrx_word' id='word_1_157' title='bbox 194 3819 215 3861; x_wconf 86' lang='lat' dir='ltr'><strong>e</strong></span> <span class='ocrx_word' id='word_1_158' title='bbox 236 3801 270 3860; x_wconf 91' lang='lat' dir='ltr'><strong>te</strong></span> <span class='ocrx_word' id='word_1_159' title='bbox 293 3793 503 3869; x_wconf 82' lang='lat' dir='ltr'><strong>discederem,</strong></span> <span class='ocrx_word' id='word_1_160' title='bbox 528 3793 580 3857; x_wconf 91' lang='lat' dir='ltr'><strong>tui</strong></span> <span class='ocrx_word' id='word_1_161' title='bbox 603 3793 639 3856; x_wconf 91' lang='lat' dir='ltr'><strong>in</strong></span> <span class='ocrx_word' id='word_1_162' title='bbox 666 3791 866 3879; x_wconf 81' lang='lat' dir='ltr'><strong>Magistrum</strong></span> <span class='ocrx_word' id='word_1_163' title='bbox 890 3789 1100 3856; x_wconf 83' lang='lat' dir='ltr'><strong>Chaundeler</strong></span> <span class='ocrx_word' id='word_1_164' title='bbox 1129 3759 1323 3888; x_wconf 44' lang='lat' dir='ltr'><strong>amoris&amp;</strong></span> <span class='ocrx_word' id='word_1_165' title='bbox 1333 3760 1398 3872; x_wconf 47' lang='grc' dir='ltr'><strong>ἓξ</strong></span> 
     </span>
    </p>
   </div>
   <div class='ocr_carea' id='block_1_8' title="bbox 192 3891 1354 4005">
    <p class='ocr_par' dir='ltr' id='par_1_8' title="bbox 192 3891 1354 4005">
     <span class='ocr_line' id='line_1_27' title="bbox 192 3891 1354 4005; baseline -0.007 -41"><span class='ocrx_word' id='word_1_166' title='bbox 192 3899 324 3986; x_wconf 81' lang='lat' dir='ltr'><strong>signum</strong></span> <span class='ocrx_word' id='word_1_167' title='bbox 370 3895 500 3972; x_wconf 89' lang='lat' dir='ltr'><strong>dedisti,</strong></span> <span class='ocrx_word' id='word_1_168' title='bbox 540 3893 641 3958; x_wconf 87' lang='lat' dir='ltr'><strong>Pater</strong></span> <span class='ocrx_word' id='word_1_169' title='bbox 680 3893 917 3968; x_wconf 78' lang='lat' dir='ltr'><strong>colendissimo,</strong></span> <span class='ocrx_word' id='word_1_170' title='bbox 955 3892 999 3957; x_wconf 90' lang='lat' dir='ltr'><strong>ad</strong></span> <span class='ocrx_word' id='word_1_171' title='bbox 1037 3915 1112 3958; x_wconf 85' lang='lat' dir='ltr'><strong>eum</strong></span> <span class='ocrx_word' id='word_1_172' title='bbox 1151 3891 1354 4005; x_wconf 52' lang='lat' dir='ltr'><strong>quamffiim</strong></span> 
     </span>
    </p>
   </div>
   <div class='ocr_carea' id='block_1_9' title="bbox 192 3994 1415 4085">
    <p class='ocr_par' dir='ltr' id='par_1_9' title="bbox 192 3994 1415 4085">
     <span class='ocr_line' id='line_1_28' title="bbox 192 3994 1415 4085; baseline -0.002 -22"><span class='ocrx_word' id='word_1_173' title='bbox 192 3999 337 4085; x_wconf 90' lang='lat' dir='ltr'><strong>primum</strong></span> <span class='ocrx_word' id='word_1_174' title='bbox 360 4019 435 4062; x_wconf 88' lang='lat' dir='ltr'><strong>eum</strong></span> <span class='ocrx_word' id='word_1_175' title='bbox 458 3997 548 4061; x_wconf 89' lang='lat' dir='ltr'><strong>fideli</strong></span> <span class='ocrx_word' id='word_1_176' title='bbox 571 3995 692 4060; x_wconf 88' lang='lat' dir='ltr'><strong>nuncio</strong></span> <span class='ocrx_word' id='word_1_177' title='bbox 725 3995 895 4060; x_wconf 87' lang='lat' dir='ltr'><strong>transmisi</strong></span> <span class='ocrx_word' id='word_1_178' title='bbox 931 3994 1116 4082; x_wconf 86' lang='lat' dir='ltr'><strong>diligenter.</strong></span> <span class='ocrx_word' id='word_1_179' title='bbox 1163 3995 1249 4063; x_wconf 81' lang='lat' dir='ltr'><strong>Cum</strong></span> <span class='ocrx_word' id='word_1_180' title='bbox 1257 4021 1415 4073; x_wconf 68' lang='lat' dir='ltr'><strong>winemer-</strong></span> 
     </span>
    </p>
   </div>
   <div class='ocr_carea' id='block_1_10' title="bbox 193 4090 1390 4205">
    <p class='ocr_par' dir='ltr' id='par_1_10' title="bbox 193 4090 1390 4205">
     <span class='ocr_line' id='line_1_29' title="bbox 193 4090 1390 4205; baseline -0.003 -40"><span class='ocrx_word' id='word_1_181' title='bbox 193 4122 273 4165; x_wconf 90' lang='lat' dir='ltr'><strong>vero</strong></span> <span class='ocrx_word' id='word_1_182' title='bbox 295 4099 360 4164; x_wconf 91' lang='lat' dir='ltr'><strong>hue</strong></span> <span class='ocrx_word' id='word_1_183' title='bbox 383 4097 546 4163; x_wconf 83' lang='lat' dir='ltr'><strong>venissem</strong></span> <span class='ocrx_word' id='word_1_184' title='bbox 570 4119 637 4163; x_wconf 90' lang='lat' dir='ltr'><strong>non</strong></span> <span class='ocrx_word' id='word_1_185' title='bbox 669 4096 758 4182; x_wconf 90' lang='lat' dir='ltr'><strong>apud</strong></span> <span class='ocrx_word' id='word_1_186' title='bbox 782 4117 843 4161; x_wconf 89' lang='lat' dir='ltr'><strong>nos</strong></span> <span class='ocrx_word' id='word_1_187' title='bbox 867 4102 948 4174; x_wconf 88' lang='lat' dir='ltr'><strong>erat,</strong></span> <span class='ocrx_word' id='word_1_188' title='bbox 972 4097 1030 4161; x_wconf 92' lang='lat' dir='ltr'><strong>sed</strong></span> <span class='ocrx_word' id='word_1_189' title='bbox 1053 4097 1132 4163; x_wconf 92' lang='lat' dir='ltr'><strong>dum</strong></span> <span class='ocrx_word' id='word_1_190' title='bbox 1156 4099 1251 4164; x_wconf 85' lang='lat' dir='ltr'><strong>abfui</strong></span> <span class='ocrx_word' id='word_1_191' title='bbox 1259 4090 1390 4205; x_wconf 45' lang='lat' dir='ltr'><strong>afflet</strong></span> 
     </span>
    </p>
   </div>
   <div class='ocr_carea' id='block_1_11' title="bbox 192 4197 1346 4288">
    <p class='ocr_par' dir='ltr' id='par_1_11' title="bbox 192 4197 1346 4288">
     <span class='ocr_line' id='line_1_30' title="bbox 192 4197 1346 4288; baseline 0.003 -21"><span class='ocrx_word' id='word_1_192' title='bbox 192 4201 282 4268; x_wconf 91' lang='lat' dir='ltr'><strong>omni</strong></span> <span class='ocrx_word' id='word_1_193' title='bbox 305 4221 380 4266; x_wconf 90' lang='lat' dir='ltr'><strong>eum</strong></span> <span class='ocrx_word' id='word_1_194' title='bbox 404 4199 530 4263; x_wconf 79' lang='lat' dir='ltr'><strong>semilis</strong></span> <span class='ocrx_word' id='word_1_195' title='bbox 552 4199 669 4263; x_wconf 90' lang='lat' dir='ltr'><strong>domus</strong></span> <span class='ocrx_word' id='word_1_196' title='bbox 692 4219 761 4263; x_wconf 83' lang='lat' dir='ltr'><strong>suae</strong></span> <span class='ocrx_word' id='word_1_197' title='bbox 784 4198 827 4262; x_wconf 89' lang='lat' dir='ltr'><strong>ad</strong></span> <span class='ocrx_word' id='word_1_198' title='bbox 852 4197 1001 4262; x_wconf 69' lang='lat' dir='ltr'><strong>Heriord</strong></span> <span class='ocrx_word' id='word_1_199' title='bbox 1027 4198 1346 4288; x_wconf 81' lang='lat' dir='ltr'><strong>immigmbat.r01)r.</strong></span> 
     </span>
    </p>
   </div>
   <div class='ocr_carea' id='block_1_12' title="bbox 192 4287 1399 4414">
    <p class='ocr_par' dir='ltr' id='par_1_12' title="bbox 192 4287 1399 4414">
     <span class='ocr_line' id='line_1_31' title="bbox 192 4287 1399 4414; baseline -0.005 -44"><span class='ocrx_word' id='word_1_200' title='bbox 192 4304 290 4384; x_wconf 83' lang='lat' dir='ltr'><strong>Quod</strong></span> <span class='ocrx_word' id='word_1_201' title='bbox 312 4323 387 4367; x_wconf 84' lang='lat' dir='ltr'><strong>eum</strong></span> <span class='ocrx_word' id='word_1_202' title='bbox 410 4300 656 4387; x_wconf 85' lang='lat' dir='ltr'><strong>perspexissem</strong></span> <span class='ocrx_word' id='word_1_203' title='bbox 681 4300 807 4364; x_wconf 84' lang='lat' dir='ltr'><strong>nullam</strong></span> <span class='ocrx_word' id='word_1_204' title='bbox 824 4300 1031 4388; x_wconf 84' lang='lat' dir='ltr'><strong>diligentiam</strong></span> <span class='ocrx_word' id='word_1_205' title='bbox 1054 4304 1251 4387; x_wconf 83' lang='lat' dir='ltr'><strong>praetermisi</strong></span> <span class='ocrx_word' id='word_1_206' title='bbox 1263 4287 1399 4414; x_wconf 45' lang='lat' dir='ltr'><strong>effigi</strong></span> 
     </span>
    </p>
   </div>
   <div class='ocr_carea' id='block_1_13' title="bbox 192 4402 1396 4490">
    <p class='ocr_par' dir='ltr' id='par_1_13' title="bbox 192 4402 1396 4490">
     <span class='ocr_line' id='line_1_32' title="bbox 192 4402 1396 4490; baseline -0.003 -17"><span class='ocrx_word' id='word_1_207' title='bbox 192 4412 232 4473; x_wconf 88' lang='lat' dir='ltr'><strong>ut</strong></span> <span class='ocrx_word' id='word_1_208' title='bbox 254 4405 385 4471; x_wconf 90' lang='lat' dir='ltr'><strong>fidelem</strong></span> <span class='ocrx_word' id='word_1_209' title='bbox 408 4403 451 4467; x_wconf 85' lang='lat' dir='ltr'><strong>ed</strong></span> <span class='ocrx_word' id='word_1_210' title='bbox 475 4404 583 4488; x_wconf 91' lang='lat' dir='ltr'><strong>ipsum</strong></span> <span class='ocrx_word' id='word_1_211' title='bbox 607 4403 774 4479; x_wconf 83' lang='lat' dir='ltr'><strong>nuncium,</strong></span> <span class='ocrx_word' id='word_1_212' title='bbox 796 4403 851 4467; x_wconf 85' lang='lat' dir='ltr'><strong>eui</strong></span> <span class='ocrx_word' id='word_1_213' title='bbox 878 4402 913 4466; x_wconf 90' lang='lat' dir='ltr'><strong>id</strong></span> <span class='ocrx_word' id='word_1_214' title='bbox 936 4404 1062 4490; x_wconf 82' lang='lat' dir='ltr'><strong>negotii</strong></span> <span class='ocrx_word' id='word_1_215' title='bbox 1084 4425 1153 4469; x_wconf 92' lang='lat' dir='ltr'><strong>rem</strong></span> <span class='ocrx_word' id='word_1_216' title='bbox 1175 4410 1251 4470; x_wconf 89' lang='lat' dir='ltr'><strong>tuto</strong></span> <span class='ocrx_word' id='word_1_217' title='bbox 1264 4419 1396 4477; x_wconf 62' lang='lat' dir='ltr'><strong>flnrslm</strong></span> 
     </span>
    </p>
   </div>
   <div class='ocr_carea' id='block_1_14' title="bbox 192 4485 1418 4617">
    <p class='ocr_par' dir='ltr' id='par_1_14' title="bbox 192 4485 1418 4617">
     <span class='ocr_line' id='line_1_33' title="bbox 192 4485 1418 4617; baseline -0.033 -41"><span class='ocrx_word' id='word_1_218' title='bbox 192 4509 443 4582; x_wconf 82' lang='lat' dir='ltr'><strong>committerem,</strong></span> <span class='ocrx_word' id='word_1_219' title='bbox 466 4505 675 4592; x_wconf 83' lang='lat' dir='ltr'><strong>explorarem</strong></span> <span class='ocrx_word' id='word_1_220' title='bbox 699 4505 876 4570; x_wconf 85' lang='lat' dir='ltr'><strong>celerrime.</strong></span> <span class='ocrx_word' id='word_1_221' title='bbox 941 4505 1009 4568; x_wconf 86' lang='lat' dir='ltr'><strong>Nec</strong></span> <span class='ocrx_word' id='word_1_222' title='bbox 1033 4505 1147 4570; x_wconf 89' lang='lat' dir='ltr'><strong>multis</strong></span> <span class='ocrx_word' id='word_1_223' title='bbox 1177 4527 1251 4592; x_wconf 75' lang='lat' dir='ltr'><strong>per.</strong></span> <span class='ocrx_word' id='word_1_224' title='bbox 1264 4485 1418 4617; x_wconf 46' lang='lat' dir='ltr'><strong>mmm</strong></span> 
     </span>
    </p>
   </div>
   <div class='ocr_carea' id='block_1_15' title="bbox 192 4606 1422 4800">
    <p class='ocr_par' dir='ltr' id='par_1_15' title="bbox 192 4606 1422 4800">
     <span class='ocr_line' id='line_1_34' title="bbox 192 4606 1342 4692; baseline -0.011 -14"><span class='ocrx_word' id='word_1_225' title='bbox 192 4613 275 4678; x_wconf 86' lang='lat' dir='ltr'><strong>aetis</strong></span> <span class='ocrx_word' id='word_1_226' title='bbox 300 4609 425 4686; x_wconf 87' lang='lat' dir='ltr'><strong>diebus,</strong></span> <span class='ocrx_word' id='word_1_227' title='bbox 451 4608 550 4672; x_wconf 90' lang='lat' dir='ltr'><strong>miehi</strong></span> <span class='ocrx_word' id='word_1_228' title='bbox 575 4606 710 4692; x_wconf 89' lang='lat' dir='ltr'><strong>quidam</strong></span> <span class='ocrx_word' id='word_1_229' title='bbox 742 4607 799 4692; x_wconf 92' lang='lat' dir='ltr'><strong>qui</strong></span> <span class='ocrx_word' id='word_1_230' title='bbox 834 4607 878 4671; x_wconf 91' lang='lat' dir='ltr'><strong>ad</strong></span> <span class='ocrx_word' id='word_1_231' title='bbox 900 4628 975 4673; x_wconf 91' lang='lat' dir='ltr'><strong>eum</strong></span> <span class='ocrx_word' id='word_1_232' title='bbox 999 4606 1185 4692; x_wconf 85' lang='lat' dir='ltr'><strong>profectum</strong></span> <span class='ocrx_word' id='word_1_233' title='bbox 1209 4608 1342 4671; x_wconf 72' lang='lat' dir='ltr'><strong>iriem</strong></span> 
     </span>
     <span class='ocr_line' id='line_1_35' title="bbox 193 4683 1422 4800; baseline -0.004 -24"><span class='ocrx_word' id='word_1_234' title='bbox 193 4711 378 4800; x_wconf 79' lang='lat' dir='ltr'><strong>parabatur</strong></span> <span class='ocrx_word' id='word_1_235' title='bbox 400 4709 499 4774; x_wconf 87' lang='lat' dir='ltr'><strong>datus</strong></span> <span class='ocrx_word' id='word_1_236' title='bbox 524 4713 583 4784; x_wconf 90' lang='lat' dir='ltr'><strong>est,</strong></span> <span class='ocrx_word' id='word_1_237' title='bbox 607 4707 670 4792; x_wconf 92' lang='lat' dir='ltr'><strong>ipsi</strong></span> <span class='ocrx_word' id='word_1_238' title='bbox 707 4707 842 4792; x_wconf 77' lang='lat' dir='ltr'><strong>inquam</strong></span> <span class='ocrx_word' id='word_1_239' title='bbox 866 4708 1028 4794; x_wconf 86' lang='lat' dir='ltr'><strong>Magistro</strong></span> <span class='ocrx_word' id='word_1_240' title='bbox 1051 4683 1422 4800; x_wconf 60' lang='lat' dir='ltr'><strong>Caundeler-flfflf’f</strong></span> 
     </span>
    </p>
   </div>
   <div class='ocr_carea' id='block_1_16' title="bbox 196 4765 1361 4900">
    <p class='ocr_par' dir='ltr' id='par_1_16' title="bbox 196 4765 1361 4900">
     <span class='ocr_line' id='line_1_36' title="bbox 1345 4765 1361 4799; baseline 0 0"><span class='ocrx_word' id='word_1_241' title='bbox 1345 4765 1361 4799; x_wconf 88' lang='grc'><strong>0</strong></span> 
     </span>
     <span class='ocr_line' id='line_1_37' title="bbox 196 4807 1251 4900; baseline -0.003 -22"><span class='ocrx_word' id='word_1_242' title='bbox 196 4835 261 4900; x_wconf 89' lang='lat' dir='ltr'><strong>que</strong></span> <span class='ocrx_word' id='word_1_243' title='bbox 276 4811 564 4885; x_wconf 72' lang='lat' dir='ltr'><strong>familiarissimus,</strong></span> <span class='ocrx_word' id='word_1_244' title='bbox 580 4808 633 4874; x_wconf 88' lang='lat' dir='ltr'><strong>eui</strong></span> <span class='ocrx_word' id='word_1_245' title='bbox 658 4807 807 4893; x_wconf 90' lang='lat' dir='ltr'><strong>equidem</strong></span> <span class='ocrx_word' id='word_1_246' title='bbox 832 4830 900 4873; x_wconf 86' lang='lat' dir='ltr'><strong>une</strong></span> <span class='ocrx_word' id='word_1_247' title='bbox 922 4829 996 4872; x_wconf 88' lang='lat' dir='ltr'><strong>cum</strong></span> <span class='ocrx_word' id='word_1_248' title='bbox 1021 4808 1102 4873; x_wconf 88' lang='lat' dir='ltr'><strong>meis</strong></span> <span class='ocrx_word' id='word_1_249' title='bbox 1117 4810 1160 4874; x_wconf 88' lang='lat' dir='ltr'><strong>ad</strong></span> <span class='ocrx_word' id='word_1_250' title='bbox 1176 4831 1251 4875; x_wconf 90' lang='lat' dir='ltr'><strong>eum</strong></span> 
     </span>
    </p>
   </div>
   <div class='ocr_carea' id='block_1_17' title="bbox 0 0 1680 5800">
    <p class='ocr_par' dir='ltr' id='par_1_17' title="bbox 0 0 1680 5800">
     <span class='ocr_line' id='line_1_38' title="bbox 0 0 1680 5800; baseline 0 0"><span class='ocrx_word' id='word_1_251' title='bbox 0 0 1680 5800; x_wconf 95' lang='lat' dir='ltr'><strong> </strong></span> 
     </span>
    </p>
   </div>
  </div>
 </body>
</html>
