3350 5800
609 808 899 863 csuwsnlnusns.
1217 807 1279 869 117

267 984 448 1050 Anumuu
511 987 618 1051 Item:
648 987 737 1073 apud
775 988 925 1074 Apuldre
963 988 1142 1055 introitus¹
1172 992 1214 1057 de
1244 992 1277 1056 la

403 1088 542 1153 beoarde
575 1088 722 1154 lucratus
756 1089 798 1153 de
828 1090 918 1166 mari,
953 1090 1019 1154 duo
1053 1112 1141 1157 nova
1179 1094 1274 1169 arria,

402 1211 477 1255 oum
499 1192 706 1278 reparatione
729 1192 795 1257 alia
818 1192 997 1261 domorum.

265 1289 452 1356 Multam
513 1293 621 1358 Item:
666 1293 755 1379 apud
804 1293 968 1359 Mersham
1019 1296 1113 1378 quasi
1161 1316 1274 1360 omnes

401 1392 518 1458 domus
541 1393 581 1459 de
604 1415 692 1459 novo
714 1400 884 1479 reparatae.

265 1492 425 1558 Acunum
458 1494 565 1561 Item:
596 1496 686 1580 apud
703 1495 841 1581 Aghene
866 1498 1095 1583 reparationes
1118 1498 1271 1563 diversae.

264 1594 414 1660 suanm
461 1597 565 1662 Item:
610 1597 700 1683 apud
733 1597 868 1663 Ebbene
906 1618 993 1663 nova
1031 1598 1157 1677 domus,
1196 1620 1271 1665 cum

395 1699 601 1783 reparatione
623 1700 770 1766 aliarum.

263 1796 393 1863 Cunus.
439 1799 548 1865 Item:
579 1801 670 1888 apud
693 1801 796 1867 Ohert
818 1807 928 1868 totum
963 1803 1146 1867 manerium
1169 1802 1270 1869 semel

396 1901 438 1966 de
459 1922 547 1967 novo
569 1903 766 1989 tegulstum,
788 1925 863 1967 oum
898 1904 972 1969 aliis
995 1905 1267 1990 reparationibus.

266 2000 471 2068 Wusuwm.
527 2003 634 2069 Item:
673 2006 764 2091 apud
806 2004 971 2071 Westwell
1009 2027 1133 2072 novum
1169 2029 1267 2093 grun-

395 2107 498 2192 gium,
533 2128 630 2172 novae
664 2118 778 2192 portae,
808 2113 843 2171 et
874 2128 986 2173 omnes
1024 2108 1140 2174 domus
1177 2109 1267 2177 infra

393 2210 576 2271 manerium
599 2208 640 2273 de
662 2228 749 2273 novo
771 2208 940 2294 tegulata,
961 2229 1035 2273 eum
1060 2212 1266 2297 reparatione

393 2309 533 2374 duorum
556 2310 819 2375 molendinorum
843 2311 1079 2394 aquaticorum.

258 2410 515 2477 Gonmmmn.
578 2413 686 2477 Item:
730 2413 818 2499 apud
865 2412 1103 2479 Godmersham
1139 2435 1263 2480 novum

391 2512 523 2590 onium,
550 2534 676 2577 novum
698 2535 845 2600 granare,
868 2534 992 2579 novum
1013 2514 1182 2579 stabulum
1204 2537 1264 2602 pro

392 2616 484 2700 equis
507 2615 638 2692 Prioris,
669 2637 756 2681 nova
778 2616 936 2702 porcaria,
960 2637 1047 2681 nova
1069 2622 1167 2703 porta
1188 2639 1262 2683 oum

390 2737 519 2782 camera
534 2716 674 2803 desuper
696 2722 731 2782 et
765 2718 903 2796 camino,
926 2723 962 2783 et
984 2738 1112 2783 camera
1134 2718 1261 2798 subtus,

391 2838 466 2883 oum
491 2840 580 2883 novo
602 2818 728 2895 oelario,
752 2824 787 2883 et
808 2840 897 2885 nova
920 2819 1068 2906 coquina

258 2921 466 2986 (inunum
514 2921 622 2986 Item:
652 2922 742 3007 apud
765 2921 948 2988 Ohartham
978 2921 1144 3006 reparatio
1167 2923 1261 3008 quasi

388 3024 493 3089 totius
515 3023 656 3088 manerii
679 3045 753 3089 oum
776 3044 865 3088 novo
887 3023 982 3089 orrio.

256 3125 463 3194 Monimou.
510 3125 616 3190 Item:
646 3124 736 3211 apud
761 3125 944 3190 Monketon
980 3144 1104 3189 novum
1127 3124 1259 3202 onium,

388 3247 514 3292 novum
561 3224 743 3302 stabulum,
781 3225 934 3292 clausura
971 3225 1076 3290 totius
1113 3226 1261 3306 manerii,

387 3350 461 3394 oum
484 3328 699 3414 reparatione.

254 3446 500 3510 Bnouusnunn.
546 3444 653 3508 Item:
685 3443 777 3530 apud
792 3441 1001 3508 Brokesende
1017 3462 1129 3507 omnes
1144 3443 1261 3507 domus

386 3564 482 3609 noves
505 3549 540 3608 et
573 3543 731 3609 clausura
778 3543 885 3608 Item:
924 3543 1084 3606 introitus
1115 3547 1260 3629 pasturae

385 3645 507 3711 ibidem
532 3645 572 3711 de
596 3645 687 3709 mari.

252 3747 399 3816 Conon
445 3746 550 3812 Item:
581 3745 671 3832 apud
704 3745 834 3831 Copton
862 3733 998 3810 'novum
1030 3745 1162 3823 orrium,
1192 3766 1259 3812 una

383 3870 459 3935 pars
481 3849 561 3913 novi
584 3847 716 3923 stabuli,
739 3868 863 3911 novum
887 3846 1079 3912 columbane.

252 3953 525 4016 Homolion-uu
586 3947 694 4014 Item:
747 3947 835 4035 apud
882 3947 1123 4034 Holyngborne
1170 3969 1258 4014 nova

381 4051 467 4129 aula,
506 4072 580 4115 cum
618 4071 739 4137 magna
775 4048 984 4135 reparatione
1029 4049 1066 4112 in
1103 4051 1257 4115 omnibus

383 4152 546 4230 domibus,
568 4173 734 4218 unacum
756 4151 897 4238 grangio
920 4150 961 4215 de
985 4149 1198 4236 Monyntone.

249 4255 346 4320 [ausu
391 4254 497 4318 Item:
548 4253 636 4340 apud
684 4252 765 4317 Lose
802 4271 908 4314 unum
953 4271 1077 4316 novum
1117 4251 1252 4326 orrinm,

378 4375 504 4420 novum
525 4354 703 4430 stabulum,
734 4372 860 4417 novum
891 4350 1087 4429 columhare,
1110 4356 1145 4416 et
1166 4371 1254 4417 nova

378 4458 540 4525 barbaria

642 4617 778 4627 ——-..
807 4617 937 4624 —--—...-.
950 4619 958 4623 .
968 4613 1249 4625 -—-—--——-

480 4706 487 4736 ¹
502 4708 619 4754 introitus
630 4727 653 4746 =
666 4703 762 4768 inuinq,
774 4702 816 4751 ie.
828 4699 983 4764 reclaminq.
