3350 5800
589 886 881 973 circumtusus.
1188 867 1252 935 207

184 1072 304 1122 omnes
327 1063 364 1123 et
388 1060 596 1126 omnimodas
622 1059 856 1127 forisfacturas
881 1066 1059 1138 terrarum,
1084 1064 1252 1123 tenemen-

192 1162 316 1239 torum‚
327 1162 537 1239 reddituum,
552 1163 804 1250 possessionum,
821 1164 992 1240 honorum,
1008 1167 1043 1228 et
1057 1161 1253 1227 catellorum

193 1282 332 1326 suorum
376 1285 671 1351 quorumcumque,
710 1272 744 1331 et
782 1266 961 1351 cujuslibet
997 1262 1186 1340 eorumdem,
1219 1266 1254 1326 et

192 1362 326 1428 firmam
357 1388 471 1451 pacem
506 1372 653 1432 nostram
691 1368 738 1432 eis
777 1373 813 1433 et
845 1388 959 1433 eorum
996 1365 1145 1442 cuilibet,
1176 1363 1254 1428 inde

195 1464 424 1543 concedimus3
450 1468 599 1533 nolentes
622 1468 711 1553 quod
733 1468 799 1553 ipsi
822 1474 884 1534 aut
906 1489 1021 1533 eorum
1044 1465 1174 1550 aliquis,
1196 1486 1255 1549 pro

197 1566 377 1651 praemissis
399 1573 460 1633 aut
475 1568 586 1653 aliquo
610 1568 864 1654 praemissorum,
879 1590 939 1654 per
960 1590 1021 1633 nos
1043 1568 1098 1632 vel
1119 1566 1256 1631 heredes

199 1672 342 1746 nostros,
376 1670 597 1749 Justiciarios,
630 1670 821 1749 Escaetores,
852 1671 1080 1746 vicecomites,
1111 1666 1256 1734 Corona-

200 1772 301 1847 tores,
338 1776 399 1835 aut
436 1772 518 1836 alios
550 1772 690 1838 ballivos
729 1795 788 1838 seu
825 1773 997 1837 ministros
1034 1775 1164 1836 nostros
1201 1769 1256 1834 vel

200 1870 360 1935 heredum
390 1878 578 1938 nostrorum
617 1894 840 1959 questumque
870 1874 1085 1959 impetantur,
1116 1870 1257 1937 occasio·

201 1978 333 2051 nentur,
357 1975 593 2061 inquietentur,
628 1976 856 2054 molestentur,
887 1976 925 2039 in
947 1976 1069 2060 aliquo,
1092 1997 1150 2040 seu
1182 1997 1257 2063 gra-

201 2081 332 2153 ventur,
355 2082 416 2141 aut
447 2098 561 2142 eorum
583 2077 703 2164 aliquis
727 2078 919 2165 impetatur,
950 2078 1184 2157 occasionetur,
1206 2077 1258 2139 in-

200 2178 378 2261 quietetur,
426 2180 628 2257 molestetur,
667 2180 702 2243 in
749 2180 870 2266 aliquo,
916 2202 975 2245 seu
1013 2184 1179 2265 gravetur,
1218 2198 1257 2243 eo

202 2279 291 2364 quod
349 2281 390 2346 de
442 2282 632 2347 nominibus
686 2282 859 2347 hominum
913 2281 1146 2368 praedictorum
1199 2303 1256 2346 ex-

201 2403 314 2467 pressa
343 2382 469 2448 mentio
499 2383 536 2448 in
569 2384 786 2469 praesentibus
820 2383 913 2449 iacta
944 2407 1011 2450 non
1042 2384 1159 2449 existit
1189 2405 1257 2448 non

201 2484 365 2550 obstante.
411 2483 456 2549 Et
489 2485 630 2550 ulterius
665 2486 886 2551 concessimus
918 2493 953 2551 et
986 2508 1046 2572 per
1078 2490 1257 2571 praesentes

200 2587 409 2652 concedimus
432 2586 572 2673 praefato
588 2586 736 2653 Johanni
751 2609 790 2653 ac
813 2588 967 2653 omnibus
982 2588 1058 2651 aliis
1081 2588 1256 2673 pradictiq

201 2689 290 2774 quod
314 2690 342 2753 si
364 2690 428 2775 ipsi
452 2711 509 2755 seu
533 2712 646 2755 eorum
669 2689 790 2775 aliquis
813 2690 945 2775 aliquas
977 2690 1105 2755 litteras
1127 2695 1258 2756 nostras

201 2791 243 2855 de
281 2791 517 2877 perdonatione
560 2791 601 2856 de
644 2790 833 2877 praemissis‚
870 2792 907 2856 in
947 2790 1057 2857 forma
1099 2792 1259 2877 praedicta

200 2891 380 2972 faciendas,
413 2893 534 2958 habere
568 2916 625 2959 seu
660 2893 811 2979 optinere
845 2899 880 2959 et
910 2915 1012 2979 penes
1050 2915 1086 2958 se
1116 2893 1259 2959 retinere
1384 2895 1387 2902 ’

201 2997 371 3062 voluerint
392 2997 447 3060 vel
469 2995 622 3073 voluerit,
638 2999 720 3061 tunc
737 2993 964 3062 Cancellarius
986 3001 1099 3060 noster
1115 2996 1259 3084 Angliae,

201 3120 262 3183 pro
295 3105 442 3185 tempore
474 3098 631 3174 existens,
664 3097 855 3181 hujusmodi
889 3099 1018 3164 litteras
1056 3105 1186 3164 nostras
1218 3099 1259 3164 de

202 3201 442 3286 perdonatione
473 3200 520 3266 eis
544 3201 697 3266 omnibus
720 3205 755 3266 et
788 3201 929 3288 singulis
961 3201 1044 3280 fieri,
1068 3207 1104 3268 et
1138 3225 1259 3292 magno

201 3303 312 3392 sigillo
350 3308 462 3368 nostro
500 3302 648 3390 sigillari,
686 3306 721 3367 et
758 3302 822 3366 sibi
836 3304 846 3328 '
862 3303 1039 3388 separatim
1078 3303 1260 3369 deliberari

202 3405 312 3482 faciet,
354 3405 477 3489 absque
517 3403 630 3489 eliqua
672 3404 902 3488 prosecutione
948 3426 1048 3490 penes
1094 3427 1154 3471 nos
1198 3429 1259 3492 pro

203 3507 328 3574 eisdem
351 3507 541 3592 aliqualiter
574 3505 737 3583 facienda,
761 3510 795 3569 et
826 3505 951 3590 absque
973 3505 1086 3590 aliquo
1116 3507 1183 3572 fine
1205 3508 1259 3572 vel

203 3610 302 3676 feodo
318 3631 378 3695 pro
394 3609 515 3673 eisdem
532 3606 655 3673 litteris
678 3607 720 3672 de
736 3607 975 3694 perdonatione
997 3607 1092 3673 nobis
1107 3607 1259 3675 faciendo

203 3734 261 3777 seu
284 3710 510 3797 persolvendo,
557 3709 599 3774 In
621 3709 717 3793 cujus
731 3709 779 3774 rei
802 3709 1029 3774 testimonium
1053 3709 1114 3774 has
1129 3711 1258 3777 litteras

202 3818 334 3878 nostras
368 3811 507 3876 lecimus
530 3815 693 3896 patentes.
739 3811 837 3876 Teste
867 3811 993 3897 meipso
1026 3812 1115 3898 apud
1151 3813 1259 3881 West·

202 3914 453 3992 monasterium,
491 3913 633 3998 septimo
672 3913 725 3977 die
763 3913 857 3994 Julii,
896 3935 984 3979 anno
1021 3913 1115 4002 regni
1152 3918 1258 3984 nostri

202 4019 359 4084 vicesimo
382 4021 508 4083 octove.

873 4117 931 4174 Per
947 4119 1046 4190 ipsum
1063 4121 1185 4193 Regem.

348 4361 584 4446 1039o.-[Dn
607 4377 726 4426 noenu
749 4377 899 4426 secono
921 4361 1104 4452 Areum]

245 4540 413 4605 Henricus
436 4538 498 4602 Dei
521 4537 631 4623 gratia
654 4537 726 4602 Rex
749 4537 889 4626 Anglise,
912 4544 971 4606 etc.
1002 4589 1011 4610 .
1043 4591 1051 4607 .
1081 4589 1090 4608 .

200 4643 349 4728 ejusdem
372 4641 573 4728 Comitatus,
595 4661 723 4706 necnon
746 4640 929 4726 Majoribus
953 4649 988 4708 et
1009 4643 1150 4708 Ballivis
1174 4642 1255 4709 civi-

198 4751 310 4811 tatum
346 4748 382 4808 et
402 4742 560 4807 villarum
593 4741 628 4806 in
662 4741 776 4808 eodem
800 4741 972 4809 Comitatu
1006 4745 1049 4810 ad
1081 4767 1162 4830 quos
1185 4765 1255 4830 pres

200 4893 609 4914 .............
657 4845 881 4930 pervenerint,
905 4845 1055 4912 salutem.
1116 4845 1255 4916 Manda-

1318 4361 1382 4426 July

1314 4431 1387 4480 14⁵0.

1272 4516 1344 4568 Cart.
1356 4519 1420 4568 Ant.

1270 4582 1309 4632 M.
1320 4588 1380 4636 ast.

1271 4672 1299 4722 Δ
1310 4673 1404 4724 conflr-

1268 4737 1364 4789 mation
1372 4739 1401 4790 of

1268 4805 1312 4882 the
1322 4805 1388 4856 lore·

1269 4886 1349 4938 801118
