3350 5800
412 843 477 905 264

411 1029 530 1093 animae
554 1034 629 1113 post
651 1029 723 1113 ejus
747 1029 915 1095 decessum
938 1028 1136 1105 relevamen,
1155 1028 1191 1093 in
1214 1028 1338 1093 nostris
1360 1026 1465 1090 missis

412 1135 447 1194 et
469 1130 543 1194 aliis
565 1130 773 1195 orationibus
797 1136 832 1195 et
855 1131 1020 1216 suffragiis
1042 1151 1102 1216 per
1124 1150 1185 1194 nos
1207 1134 1242 1195 et
1266 1149 1465 1193 successores

413 1237 542 1296 nostros
580 1233 615 1295 in
654 1233 766 1298 eadem
808 1232 954 1298 Ecclesia
991 1254 1050 1319 pro
1093 1230 1358 1297 benefactoribus
1394 1250 1465 1315 per·

413 1332 524 1418 petuis
560 1333 763 1420 temporibus
797 1333 1003 1400 celebrandis
1037 1338 1072 1399 et
1103 1332 1231 1409 fiendis,
1256 1332 1327 1397 Deo
1351 1330 1464 1395 Omni-

412 1435 551 1521 potenti,
573 1434 807 1520 gloriosissimo
831 1435 961 1522 Virgini
988 1434 1112 1511 Maria,
1134 1454 1174 1499 ec
1197 1434 1301 1499 Beato
1326 1432 1467 1518 Martyri

414 1536 549 1601 Thomae
591 1540 626 1601 et
672 1537 826 1602 omnibus
869 1536 1001 1602 Sanctis
1050 1537 1296 1622 imperpetuum
1345 1532 1467 1598 habere

413 1636 563 1703 volentes
595 1638 896 1715 recomrnendatos3
929 1644 963 1703 et
999 1638 1141 1703 ulterius
1178 1636 1365 1723 specialiter
1394 1656 1467 1721 pro·

413 1738 564 1803 misimus
602 1746 636 1803 et
668 1740 896 1816 concessimus,
929 1740 1041 1825 sicque
1079 1760 1140 1825 per
1172 1743 1354 1824 praesentes
1391 1757 1466 1823 pro·

414 1840 580 1905 mittimus
613 1845 647 1905 et
679 1841 896 1917 concedimus,
931 1862 990 1926 pro
1027 1840 1123 1905 nobis
1155 1844 1191 1904 et
1228 1838 1470 1905 successoribus

413 1942 544 2021 nostris,
580 1941 720 2028 praefato
752 1942 1025 2008 reverendissimo
1060 1940 1232 2007 Cardinali
1264 1946 1299 2005 et
1322 1940 1467 2005 Henrioo

415 2044 616 2129 Bourgclrier
638 2050 673 2109 et
695 2044 873 2110 heredibus
895 2045 973 2121 suis,
990 2044 1079 2130 quod
1101 2048 1177 2130 post
1200 2048 1342 2108 mortem
1364 2042 1468 2128 ipsius

414 2146 680 2211 reverendissimi
704 2147 809 2231 patris
832 2144 1028 2222 Cardinalis,
1051 2146 1088 2209 in
1112 2145 1166 2210 die
1195 2144 1377 2229 sepultura
1399 2164 1466 2208 cor-

414 2248 503 2335 poris
525 2249 577 2313 sui
600 2249 758 2335 exequiae,
775 2252 809 2313 et
833 2248 977 2314 officium
1000 2252 1205 2313 mortuorum
1229 2247 1266 2310 in
1282 2245 1336 2310 die
1359 2245 1467 2330 sepul·

415 2354 499 2415 tura
523 2350 854 2437 Archiepiscoporum
886 2351 991 2438 ipsius
1023 2350 1178 2415 Ecclesia
1211 2347 1370 2414 celebrari
1392 2368 1467 2413 con·

415 2456 556 2528 suetum,
579 2472 655 2517 cum
678 2452 778 2517 missa
801 2452 842 2517 de
858 2448 1022 2539 Requricm
1044 2452 1080 2515 in
1103 2449 1259 2527 crastino,
1280 2469 1341 2534 pro
1356 2448 1469 2512 anima

414 2552 486 2636 ejus
520 2552 712 2637 specialiter,
737 2558 771 2618 et
802 2554 978 2618 animabus
1010 2566 1183 2639 parentum
1219 2555 1254 2615 et
1286 2548 1466 2615 amicornm

417 2652 554 2718 suorum
577 2654 791 2740 omniumque
816 2655 965 2721 fidelium
993 2654 1224 2719 defunctorum
1253 2651 1468 2736 solempniter

416 2755 663 2832 celebrabimus,
686 2777 741 2821 seu
765 2778 824 2842 per
847 2776 1046 2821 successores
1069 2759 1199 2819 nostros
1220 2752 1379 2819 celebrari
1394 2774 1467 2838 pro·

414 2856 601 2922 curabimus
617 2862 651 2924 et
673 2856 836 2924 faciemus
885 2857 930 2922 Et
952 2856 1042 2944 quod
1065 2862 1190 2922 extunc
1205 2854 1356 2941 quolibet
1370 2874 1466 2932 anno,

414 2958 583 3045 perpetuis
605 2957 730 3024 futuris
747 2959 960 3045 temporibus,
976 2960 1014 3023 in
1037 2959 1091 3024 die
1113 2958 1341 3026 anniversario
1356 2957 1468 3022 obitus

414 3061 559 3146 ejusdem
591 3061 860 3127 reverendissimi
882 3062 998 3147 patris,
1021 3066 1082 3126 cut
1112 3062 1142 3125 si
1175 3081 1213 3126 eo
1240 3060 1295 3125 die
1326 3059 1466 3145 impedi·

414 3168 563 3228 mentum
587 3163 785 3228 rationabile
808 3163 986 3249 contigerit
1008 3163 1045 3227 in
1067 3163 1122 3228 die
1139 3161 1289 3248 proximo
1311 3161 1466 3226 conveni-

414 3264 545 3341 enciori,
556 3265 713 3351 exequias
729 3265 982 3342 anniversarias,
991 3285 1065 3331 curn
1078 3265 1178 3351 pleno
1192 3263 1329 3329 servitio
1340 3268 1466 3328 mortu-

414 3387 517 3442 orum,
533 3366 619 3433 sicut
634 3367 671 3432 in
687 3367 924 3432 anniversariis
942 3367 1270 3453 Archiepiscoporum
1289 3365 1467 3430 secundum

414 3468 561 3555 regulam
584 3467 687 3555 ipsius
712 3468 865 3534 Ecclesiae
881 3469 1047 3533 observari
1071 3467 1252 3546 consuevit,
1268 3487 1344 3531 cum
1367 3465 1467 3530 missa

414 3569 455 3634 de
473 3568 634 3656 &quiem
656 3571 692 3634 in
714 3571 866 3647 crastino,
882 3569 1094 3656 solempniter
1116 3569 1256 3655 legenda
1271 3567 1467 3632 sternenda

414 3693 472 3756 pro
495 3672 607 3738 anima
630 3671 745 3758 ipsius,
760 3677 794 3736 et
817 3672 930 3737 anima
952 3671 1167 3758 praepotentis
1190 3669 1316 3736 domini
1331 3669 1465 3734 Domini

414 3771 572 3838 Willelmi
608 3771 843 3860 Bourghehier,
875 3771 1054 3858 pernobilis
1076 3777 1111 3836 et
1145 3770 1379 3835 illustrissima
1410 3770 1465 3833 do-

413 3873 512 3938 minae
545 3873 697 3940 Dominae
733 3875 840 3938 Anuae
869 3873 1054 3939 comitissae
1088 3872 1276 3938 Staffordiee
1308 3871 1467 3935 consortis

413 3995 489 4050 suae,
513 3974 644 4059 praefati
668 3975 932 4040 reverendissimi
954 3975 1059 4060 patris
1082 3973 1269 4040 Cardinalis
1290 3977 1325 4037 et
1351 3971 1466 4037 Archi-

413 4076 558 4162 episcopi
580 4097 619 4142 ac
642 4075 723 4140 dicti
747 4076 884 4141 Henrici
908 4075 1050 4142 Comitis
1073 4081 1258 4162 parentum,
1283 4080 1318 4139 et
1340 4072 1465 4138 anima·

414 4175 476 4240 bus
499 4177 646 4241 omnium
681 4177 830 4242 fidelium
854 4177 1087 4243 defunctorum
1119 4198 1178 4263 per
1199 4195 1260 4240 nos
1283 4181 1318 4239 et
1340 4194 1465 4239 succes·

414 4297 501 4342 sores
524 4283 653 4342 nostros
677 4278 831 4342 similiter
854 4278 1012 4344 celebrari
1034 4290 1069 4343 et
1100 4276 1277 4363 diligenter
1299 4274 1467 4342 observari

414 4378 592 4457 faciemus;
625 4387 659 4444 et
691 4379 779 4465 quod
814 4381 850 4442 in
874 4379 927 4444 die
960 4399 1025 4464 quo
1057 4379 1320 4442 anniversarium
1356 4377 1467 4461 hujus·

414 4481 504 4547 modi
528 4481 607 4546 dicti
631 4481 896 4546 reverendissimi
920 4481 1026 4567 patris
1048 4480 1277 4557 celebrabitur,
1299 4479 1468 4564 perpetuis

413 4583 535 4648 futuris
557 4582 768 4668 temporibus,
793 4582 912 4648 Custos
936 4582 1157 4648 maneriorum
1190 4581 1288 4647 dictae
1312 4581 1466 4646 Ecclesiae

414 4705 474 4769 pro
496 4689 642 4770 tempore
666 4685 820 4759 existens,
845 4705 902 4749 seu
936 4685 1021 4749 alius
1044 4705 1104 4770 per
1127 4682 1274 4749 Priorem
1306 4683 1469 4768 deputan-
