3350 5800
609 876 898 929 cursusmuusns.
1227 864 1270 927 39

212 1056 316 1125 bonis
338 1062 408 1129 suis
422 1064 576 1149 propriis,
592 1062 735 1129 fideliter
751 1062 991 1129 ministrabunt
1011 1067 1047 1128 et
1068 1064 1253 1150 erogabunt
1262 1088 1270 1143 ;

213 1160 369 1229 volentes
406 1164 644 1249 indempnitsti
681 1172 716 1229 et
761 1163 990 1229 exoneracioui
1034 1164 1269 1250 praedictorum

215 1261 345 1329 Prioris
375 1270 411 1329 et
433 1265 627 1332 Conventus
650 1266 686 1331 in
709 1265 771 1331 hac
793 1270 889 1351 parte
910 1266 1056 1351 graciose
1087 1267 1270 1351 providere,

216 1362 262 1427 de
284 1366 395 1450 grstia
416 1372 531 1432 nostra
553 1366 696 1451 speciali,
713 1372 747 1431 et
768 1366 811 1432 ad
834 1366 1113 1451 supplicacionem
1134 1367 1270 1452 praedie·

217 1467 333 1529 torum
356 1466 478 1531 Prioris
501 1472 536 1529 et
560 1466 761 1545 Conventus,
785 1488 824 1531 sc
846 1466 1112 1533 consideracione
1134 1487 1271 1533 onerum

216 1566 454 1649 praedictorum
477 1590 536 1654 per
552 1569 641 1653 ipsos
657 1569 704 1634 sic
718 1568 963 1652 imperpetuum
989 1568 1214 1633 faciendorum
1237 1574 1272 1633 et

216 1665 504 1745 inveniendorum,
521 1669 706 1733 remisimus
730 1672 764 1732 et
786 1669 1019 1744 relaxavimus,
1034 1690 1073 1734 ac
1095 1690 1154 1754 pro
1176 1670 1272 1735 nobis

219 1770 256 1829 et
278 1768 464 1833 haeredibus
499 1769 621 1834 nostris
654 1770 897 1853 imperpetuum
930 1770 1082 1852 quietum
1115 1769 1273 1834 clamavi·

219 1888 304 1945 mus,
337 1870 484 1954 praefatis
518 1870 623 1933 Priori
662 1874 697 1947 et
729 1868 920 1934 conventui
958 1873 994 1933 et
1030 1870 1273 1935 successoribus

218 1969 289 2033 suis
313 1975 420 2035 totum
447 1972 512 2055 jus,
536 1976 670 2046 statum,
696 1971 841 2049 titulum,
865 1975 900 2033 et
922 1969 1092 2046 clameum,
1115 1992 1190 2056 quur
1211 1992 1272 2037 nes

219 2069 275 2133 vel
309 2072 536 2157 progenitores
569 2072 674 2136 nostri
708 2071 895 2145 habuimus,
919 2091 977 2135 seu
1011 2091 1072 2135 nos
1103 2071 1271 2149 babemus,

219 2176 280 2233 sut
304 2192 363 2235 nos
386 2172 442 2235 vel
464 2172 609 2237 haeredes
632 2172 737 2235 nostri
760 2170 882 2235 habere
904 2170 1118 2255 potuerimus,
1142 2172 1178 2235 in
1200 2192 1270 2237 cor-

222 2272 333 2349 rodiis,
355 2274 523 2359 pensione,
547 2278 580 2337 et
602 2273 848 2337 sustentaoione
875 2272 1095 2358 supradictis3
1126 2282 1161 2339 et
1182 2273 1271 2358 ipsos

221 2373 311 2449 inde,
335 2396 395 2459 pro
429 2375 525 2451 nobis
548 2382 582 2439 et
604 2374 790 2440 haeredibus
822 2374 956 2450 nostris,
978 2374 1214 2458 acquietamus,
1236 2381 1272 2440 et

221 2495 448 2553 exoneramus,
487 2498 524 2541 ec
561 2475 695 2561 penitus
732 2474 936 2539 absolvimus
982 2496 1039 2558 per
1084 2482 1270 2560 praesentes.

222 2573 384 2641 Nolentes
406 2576 495 2661 quod
516 2577 636 2661 sliquae
658 2576 883 2642 concessiones
903 2596 963 2660 per
983 2574 1112 2639 Priores
1134 2584 1169 2639 et
1183 2576 1271 2643 Cou-

221 2682 362 2743 ventum
385 2678 449 2745 loci
481 2678 633 2765 praedicti
656 2683 734 2741 ante
765 2677 837 2742 haec
859 2682 1018 2761 tempora,
1040 2676 1081 2741 de
1104 2678 1271 2755 corrodiis,

221 2778 387 2862 pensione,
411 2784 446 2841 et
468 2778 708 2842 sustentatione
732 2776 908 2863 preedictis,
924 2782 985 2840 aut
1007 2775 1082 2839 aliis
1104 2778 1270 2857 corrodiis,

219 2879 444 2965 pensionibus,
481 2901 522 2944 ve
567 2878 869 2945 sustentaeionibus
914 2877 1185 2963 quibuscumque,
1231 2879 1272 2945 de

221 2979 319 3044 domo
342 3001 402 3044 sua
433 2979 593 3064 praedieta
626 2978 855 3065 percipiendis,
879 2977 920 3042 ad
945 2981 1097 3062 rogatum
1121 2983 1272 3042 nostrum

221 3102 280 3143 seu
311 3081 558 3166 progenitorum
593 3083 790 3154 nestrorum,
823 3077 970 3162 personis
1004 3077 1179 3163 praedictis,
1214 3085 1274 3142 aut

221 3183 388 3267 aliquibus
418 3182 493 3247 aliis
522 3181 668 3266 personis
691 3181 727 3243 in
750 3178 971 3264 praesentibus
1004 3178 1129 3242 litteris
1150 3179 1272 3245 nostris

221 3283 358 3347 minime
388 3283 575 3357 nominatis,
598 3281 703 3358 faotae,
727 3279 908 3344 trahantur
930 3281 967 3342 in
989 3281 1272 3359 consuetudinem,

220 3383 419 3468 exemplum,
456 3404 513 3448 seu
562 3382 842 3468 consequeneiem‚
880 3384 941 3444 aut
978 3380 1027 3444 eis
1065 3379 1118 3444 vel
1151 3363 1271 3445 ⁸domui

222 3506 292 3549 sure
325 3484 491 3568 praedictae
524 3483 643 3548 cedent
673 3482 726 3547 vel
759 3481 902 3546 tendant
934 3480 970 3543 iu
1004 3481 1185 3566 dampnum
1218 3483 1272 3547 vel

222 3585 452 3670 prejudicium
484 3584 673 3669 aliqualiter
707 3585 743 3647 in
765 3584 918 3646 futurum
930 3605 938 3662 ;
969 3603 1029 3646 uec
1052 3583 1141 3665 quod
1170 3583 1272 3648 iidem

222 3687 318 3751 Prior
349 3694 383 3751 et
416 3686 610 3751 Conventus
645 3687 698 3750 vel
733 3705 932 3749 successores
967 3683 1085 3747 suiad
1116 3684 1272 3762 corrodia,

222 3788 421 3872 pensionem,
444 3808 502 3851 seu
525 3787 801 3851 sustentecieuem
825 3785 996 3870 praedicta,
1013 3791 1072 3846 aut
1094 3784 1137 3847 ed
1159 3785 1272 3869 aliqua

220 3889 287 3954 alia
318 3889 472 3964 corrodia,
496 3888 677 3973 pensiones,
708 3909 764 3951 seu
798 3885 1066 3960 sustentaoiones,
1098 3885 1139 3949 de
1173 3886 1270 3951 domo

221 4011 281 4055 sua
304 3990 461 4074 praedicta
485 3989 701 4075 percipienda,
725 3987 825 4053 alicui
847 4007 1004 4072 personae,
1021 4006 1078 4049 seu
1101 3985 1269 4070 aliquibus

220 4093 376 4176 personis,
398 4091 443 4155 ad
474 4096 635 4175 rogatum,
658 4089 867 4164 instanciam,
889 4086 944 4151 vel
975 4087 1169 4151 mandatum
1193 4110 1269 4154 nos·
1339 4107 1344 4119 ·

220 4196 320 4268 bum,
343 4191 397 4255 vel
428 4190 596 4256 haeredum
631 4196 827 4265 nostrorum,
860 4207 991 4273 quoquo
1023 4188 1121 4251 modo
1155 4208 1268 4254 conee-

221 4293 337 4370 deuda,
371 4295 440 4356 sive
478 4291 689 4368 invenienda,
721 4289 971 4374 compellantur,
1003 4293 1164 4365 ertentur,
1198 4290 1268 4354 sive

223 4401 418 4474 teneantur;
441 4399 492 4460 set
515 4393 603 4478 quos
626 4392 727 4456 iidem
752 4390 845 4454 Prior
867 4398 902 4453 et
924 4389 1117 4453 Conventus
1140 4395 1175 4453 et
1196 4411 1269 4455 sue·

223 4519 361 4565 cessores
393 4497 445 4561 sui
477 4495 627 4581 praedicti
663 4495 703 4558 dc
737 4493 905 4578 praedictis
939 4491 1068 4554 duobus
1102 4490 1269 4570 comediis,

224 4601 388 4686 pensione,
411 4603 446 4663 et
478 4595 722 4661 sustentacione
746 4616 783 4659 sc
807 4593 883 4658 eliis
915 4592 1081 4668 corrodiis,
1104 4592 1270 4677 pensioni·

225 4703 294 4779 bus,
331 4709 365 4766 et
406 4697 707 4765 sustentecionibus
744 4695 947 4781 hujusmodi,
986 4693 1092 4778 quieti
1130 4693 1200 4756 sint
1237 4698 1271 4757 et

227 4804 393 4875 exonerati
428 4803 692 4892 imperpetuum
735 4819 802 4864 non
838 4796 991 4862 obstante
1014 4793 1103 4880 quod
1127 4793 1272 4859 Ecclesia
