3350 5800
553 934 847 989 carrumnssa
1170 929 1234 991 309

181 1128 197 1154 ‘⁸
222 1121 377 1207 Collegio,
402 1125 569 1189 occasione
600 1125 854 1211 praemissorum,
877 1125 1039 1191 faciendis
1074 1128 1233 1211 praestito,

180 1229 198 1255 ¹*
221 1224 249 1286 si
272 1220 335 1291 hoc
357 1225 392 1288 in
425 1225 604 1311 praemissis
634 1227 738 1293 facere
767 1227 990 1303 decreveritis,
1014 1251 1073 1313 per
1102 1228 1232 1294 litteras

180 1330 348 1389 “vestras
377 1330 539 1411 patentes,
571 1324 679 1413 sigillo
711 1334 822 1393 vestro
853 1329 1019 1394 communi
1051 1330 1232 1406 roboratas,

181 1438 197 1460 ‘¹
222 1450 321 1512 qumn
353 1430 497 1514 primurn
522 1430 556 1495 id
580 1431 685 1497 facere
714 1431 874 1517 poteritis,
897 1453 966 1509 nos,
988 1438 1049 1497 aut
1072 1432 1232 1499 Commis-

181 1538 196 1561 “
221 1529 343 1594 sarium
368 1536 518 1595 nostrum
543 1532 578 1594 in
602 1531 663 1595 hec
686 1538 789 1617 parte,
813 1539 919 1598 certos
943 1532 1078 1598 reddere
1102 1534 1232 1601 curetis.

181 1642 196 1663 “
221 1630 311 1697 Data
333 1632 369 1695 in
392 1634 538 1698 manerio
561 1640 673 1699 nostro
697 1634 737 1699 de
762 1634 891 1710 Knclle,
907 1635 970 1699 sub
993 1634 1101 1721 sigillo
1125 1637 1233 1702 archi·

180 1740 195 1765 ‘²
223 1732 429 1820 episcopatus
474 1734 589 1811 nostri,
627 1734 735 1819 xxijdo
773 1736 825 1801 die
863 1735 985 1801 mensis
1024 1734 1233 1813 Novembris,

183 1844 199 1867 “
222 1857 310 1899 anno
338 1834 473 1902 Domini
504 1840 764 1903 n⁰ococ0nxxx0
796 1839 912 1923 primo.
960 1838 1089 1919 Quibus
1120 1840 1233 1925 itaque

184 1944 199 1969 “
223 1934 346 2001 litteris
369 1938 488 2003 vestris
519 1938 802 2003 reverendissimis
825 1938 860 2001 in
892 1939 1005 2003 eadem
1031 1939 1137 2005 Domo
1160 1962 1234 2006 nos·

185 2046 200 2069 “
227 2043 278 2102 tra
314 2038 498 2125 Capitulari
537 2038 668 2125 publice
707 2041 870 2125 perlectis,
909 2049 968 2105 eto.
1008 2064 1121 2107 causas
1162 2042 1234 2107 illas

186 2148 203 2173 “
229 2140 442 2205 rationabiles
468 2141 577 2227 justas
608 2147 644 2207 et
673 2141 839 2229 legitimas
869 2142 939 2206 fore
970 2148 1150 2217 censentes,
1174 2151 1234 2209 etc.

183 2250 199 2273 “
213 2242 349 2321 unioni,
365 2248 425 2308 eto.
438 2242 564 2321 fiendae,
582 2251 641 2308 etc.
657 2264 852 2307 consensum
867 2242 1062 2308 adhibemus
1078 2267 1137 2331 per
1153 2268 1233 2330 pree-

182 2350 200 2375 “
224 2360 332 2407 sentes
356 2340 373 2375 *
391 2344 407 2379 *
426 2342 443 2377 *²
461 2340 478 2377 *
494 2350 627 2408 servate
641 2343 776 2409 omnino
791 2344 887 2408 nobis
901 2343 1144 2431 indempnitate
1160 2368 1235 2411 con-

184 2449 201 2475 “
224 2465 308 2529 grue
334 2443 422 2528 juris
446 2445 535 2529 quod
558 2445 600 2509 ad
623 2466 683 2509 nos
706 2445 741 2508 in
765 2444 854 2511 dicto
884 2445 1042 2533 hospitali
1068 2446 1138 2512 sive
1162 2470 1237 2513 can-

184 2553 201 2577 “
227 2546 313 2611 teria
343 2553 492 2631 spectare
515 2552 627 2632 posset
657 2552 690 2611 et
714 2545 850 2612 deberet
877 2548 1081 2633 temporibus
1112 2552 1236 2617 vacati-

182 2655 199 2681 “
225 2668 325 2711 onurn
371 2648 458 2713 sedis
503 2648 792 2734 archiepiscopalis
831 2648 1092 2730 Oantuariensis,
1137 2674 1234 2739 quam

183 2758 199 2783 ‘⁸
225 2750 378 2834 petimus,
401 2750 601 2815 auctoritate
625 2750 839 2835 paternitatis
863 2756 992 2827 vestrae,
1008 2752 1051 2815 ad
1075 2774 1236 2820 summam

184 2849 348 2938 “viginti
395 2851 615 2927 denariorum,
660 2872 719 2938 per
765 2850 871 2917 dictos
917 2851 1155 2919 Praesidentem
1203 2861 1237 2920 et

184 2961 201 2986 “
225 2953 373 3019 Sceleres
405 2953 538 3040 praeisti
564 2953 704 3040 Oollegii
737 2960 771 3019 et
804 2977 880 3020 suos
912 2977 1113 3022 successores
1141 2958 1237 3023 nobis

194 3056 261 3119 ‘in
295 3055 440 3121 Ecclesia
478 3055 711 3121 Cantuarienei
749 3057 924 3122 annuatim
963 3057 1103 3144 singulis
1140 3061 1237 3123 annis

186 3159 396 3242 “perpetuis
434 3157 560 3222 tuturis
602 3158 807 3242 temporibus
845 3158 1050 3236 solvendam,
1087 3160 1237 3237 limitari,

187 3266 203 3291 “
227 3279 302 3323 oum
337 3257 513 3322 sufficienti
537 3259 727 3324 cohertione
750 3259 793 3324 ad
817 3259 1008 3342 hujusmodi
1040 3260 1237 3326 solutionem

184 3359 321 3424 “nobis
355 3360 552 3439 faciendam,
585 3365 645 3426 etc.
703 3359 745 3424 Iu
784 3382 924 3446 quorum
962 3363 1111 3427 omnium
1145 3365 1239 3427 testi-

187 3469 204 3494 “
228 3461 385 3538 monium,
409 3467 469 3526 etc.
515 3460 614 3538 Data,
637 3473 698 3526 etc.
723 3468 843 3546 quarto
867 3461 922 3528 die
938 3461 1130 3528 Decembris
1151 3485 1240 3530 anno

186 3569 203 3596 “
227 3561 442 3648 supradicto?

190 3751 442 3822 lose-num
476 3750 720 3816 Teasnonnan
755 3751 935 3816 Ecoaasrm
969 3755 1113 3820 ‘o'nsrsrr
1149 3755 1238 3819 llar-
1271 3765 1393 3813 rna-sa

603 3867 816 3918 rUARHoNSJs
1223 3914 1225 3917 -
1252 3881 1392 3932 Certum.

278 3995 320 4059 In
343 3993 478 4080 primis:
511 3993 692 4078 recepimus
726 4013 785 4077 per
807 4013 927 4057 manus
948 3991 1120 4059 lebannes
1143 3995 1237 4081 Kyp-
1251 3949 1357 4122 xil:

321 4097 403 4181 ping
426 4094 674 4172 LondoniensiS,
697 4093 817 4179 xxviij.
840 4094 894 4158 die
917 4094 1129 4174 Novembris,
1151 4116 1240 4161 enno
1252 4154 1324 4202 mm

322 4199 415 4294 regni
449 4195 548 4283 Regis
582 4194 736 4260 Edwerdi
772 4196 884 4280 quarti
915 4195 1017 4280 xijm0,
1039 4197 1080 4261 de
1114 4196 1239 4262 Jacobo
1253 4205 1334 4254 ottho

322 4297 465 4364 Sharlok
488 4319 548 4384 pro
571 4297 706 4361 redditu
729 4295 763 4360 in
789 4296 961 4374 Hibernia,
976 4297 1013 4361 in
1037 4303 1129 4382 parte
1152 4267 1408 4400 solu-{ffissss‘affi

324 4401 426 4465 tionis
449 4400 490 4463 de
513 4397 691 4484 arreragiis
722 4445 944 4463 .....
985 4398 1065 4483 xlvj.
1077 4421 1099 4462 s.
1125 4399 1195 4483 viij.
1206 4400 1238 4465 d.
1252 4404 1333 4469 gooos
1345 4418 1383 4450 re·

279 4503 384 4568 Item:
430 4502 611 4588 recepimus
650 4501 691 4566 de
729 4500 844 4564 eodem
883 4501 1030 4586 quinque
1065 4501 1240 4567 mantellos
1254 4469 1377 4583 ilibeihe

429 4655 435 4670 .
537 4654 543 4666 .
591 4652 596 4665 .
643 4600 743 4688 pretii
766 4601 834 4686 xxj.
848 4623 871 4665 s.
891 4601 963 4731 liiij'
978 4602 1008 4666 (t.
1255 4599 1376 4716 larem

278 4745 387 4811 Item:
408 4745 601 4829 recepimus,
623 4761 710 4806 anno
734 4741 860 4826 xiiijmo,
876 4741 939 4826 iiiij
964 4742 1007 4805 ix„
1032 4742 1134 4806 libras
1149 4763 1242 4823 cerae,
1255 4731 1388 4850 ffi'd

323 4847 369 4915 xl.
380 4869 403 4913 a
427 4847 472 4912 in
486 4845 516 4912 d.
570 4895 579 4910 .
624 4894 631 4911 .
680 4895 685 4908 .
731 4844 877 4929 pretium
900 4844 995 4910 librae
1019 4842 1093 4910 ad.
1118 4844 1243 4915 obolus.
