3350 5800
423 852 466 915 90
872 862 1006 911 irisan

282 1144 312 1191 1³
324 1140 388 1205 M„y
425 1106 773 1195 esu-[Iusrsucrio
803 1118 896 1168 DATA
926 1118 1243 1170 AMBASSIATORIBUS
1274 1121 1389 1171 arens
1426 1120 1475 1171 an

257 1210 370 1349 c14⁰⁵·
723 1223 851 1272 Parrus
873 1207 1016 1273 Paucis
1038 1205 1171 1293 iussis]

270 1306 327 1349 nrt.
339 1300 402 1346 Ant.

255 1367 292 1416 M.
305 1369 362 1415 ²²⁹·
470 1374 652 1439 Instructio
682 1374 763 1439 data
791 1374 957 1459 Willeimo
988 1374 1149 1459 Fsturmy
1174 1372 1284 1450 militi,
1315 1372 1476 1461 Magistro

255 1478 573 1552 Aninffluedohanni
605 1477 756 1562 Kington
786 1476 912 1551 clerieo,
944 1480 978 1540 et
1001 1475 1167 1540 Willelmo
1198 1475 1380 1561 Brampton
1409 1478 1476 1541 civi

256 1569 387 1645 ¹³⁰⁰.⁸⁸.²⁰
427 1578 657 1656 Londoniensi,
680 1577 973 1643 ambassiatoribus
1003 1581 1038 1642 et
1060 1576 1192 1642 nunciis
1216 1577 1415 1641 serenissimi
1437 1600 1476 1643 ac

256 1636 369 1779 itit:
426 1680 641 1746 illustrissimi
672 1680 829 1766 principis
864 1685 899 1745 ei
932 1679 1058 1744 domini
1090 1678 1197 1744 nostri
1221 1677 1357 1742 nomini
1384 1678 1477 1743 uen-

255 1783 358 1845 quffl’
426 1785 494 1861 rii,
528 1782 592 1847 Dei
664 1782 736 1847 acia
767 1782 848 1845 Re'
890 1782 946 1846 An
968 1780 1030 1857 liae,
1053 1785 1124 1857 eta,
1147 1780 1192 1844 ad
1221 1780 1478 1859 reformandum,

257 1840 368 1951 w
426 1802 868 1973 ωἶὶθηᾶιιῐηῗεθάαηάυιῗ
868 1889 903 1949 et
924 1803 1116 1961 fiiiiendum
1133 1903 1356 1969 quascumque
1371 1906 1478 1969 quaes·

238 1969 391 2097 ffiss
426 1991 542 2065 tiones,
565 1986 804 2064 contenciones,
828 1992 864 2051 et
887 1986 1075 2063 discordias,
1098 1986 1188 2051 inter
1210 1985 1339 2050 dictum
1361 1984 1478 2050 Domi-

256 2104 306 2154 IV.
318 2107 374 2151 sent
426 2113 507 2155 num
545 2094 696 2153 nostrum
734 2087 859 2173 Regem
896 2091 931 2151 et
967 2087 1071 2172 ipsius
1109 2086 1211 2172 ligeos
1250 2108 1293 2149 ex
1330 2108 1405 2163 una,
1443 2091 1479 2151 et

255 2168 364 2286 ffir,
429 2190 839 2279 Msgistrum-Geueralcm
875 2187 1010 2253 Ordinis
1045 2188 1160 2254 Beatae
1198 2188 1313 2253 Mariae
1350 2189 1478 2255 Domus

258 2299 380 2356 General!
430 2294 642 2361 Theutonicae
658 2290 944 2366 Jerosolimitanae,
959 2295 993 2354 et
1015 2291 1120 2378 ipsius
1142 2290 1304 2368 subditos,
1319 2296 1413 2378 parte
1436 2315 1480 2357 ex

258 2369 384 2485 ffissffie
430 2400 542 2474 altera,
567 2400 673 2460 motas
696 2399 731 2459 et
754 2400 894 2471 exortas,
919 2393 962 2457 ad
985 2402 1097 2478 partes
1120 2392 1246 2457 Prusiae
1269 2394 1479 2462 transmissis.

258 2502 348 2553 Order·
473 2498 566 2563 Licet
600 2497 641 2561 de
667 2495 820 2581 dampnis
851 2499 886 2560 et
907 2494 1041 2579 injuriis
1070 2493 1174 2559 illatis
1197 2493 1363 2572 Prucenis,
1385 2502 1478 2562 ante-

428 2622 526 2686 quam
550 2598 711 2684 Magister
734 2596 862 2663 Puuciae
892 2597 935 2661 ad
958 2596 1141 2660 Dominum
1171 2599 1323 2660 nostrum
1354 2597 1479 2683 Regem

427 2702 546 2767 ultimo
577 2721 653 2764 suos
683 2700 719 2763 in
749 2698 902 2785 Regnum
933 2696 1065 2783 Angliae
1096 2697 1188 2761 misit
1217 2698 1479 2778 ambassiatores

429 2826 487 2891 per
521 2802 634 2887 aliqua
666 2801 797 2865 viarum
827 2803 1059 2865 contentarum
1089 2798 1125 2862 in
1157 2799 1300 2883 quadam
1331 2800 1398 2866 alia
1427 2800 1480 2865 in·

427 2906 609 2972 structione
632 2903 779 2990 praefatis
803 2901 1096 2967 ambassiatoribus
1119 2901 1254 2976 tradita,
1278 2907 1389 2987 posset
1411 2903 1478 2967 for-

428 3009 517 3074 sitan
554 3006 708 3071 satisfieri
720 3023 727 3082 ;
766 3004 845 3090 quia
881 3008 995 3068 tamen
1039 3002 1184 3068 forsitan
1221 3024 1351 3088 magnae
1397 3003 1479 3070 fient

430 3109 582 3194 querelae,
622 3107 662 3172 de
700 3104 843 3171 navibus
881 3110 916 3169 et
952 3104 1176 3170 mercimoniis
1207 3125 1246 3170 ac
1278 3105 1477 3185 hominibus,

427 3210 569 3274 subditis
590 3207 744 3294 Magistri
759 3207 898 3284 Praciae,
921 3207 1007 3272 citra
1028 3207 1134 3292 captis
1157 3210 1192 3270 et
1214 3206 1348 3286 occisis;
1369 3209 1478 3294 placet

428 3312 516 3377 dicto
538 3310 681 3374 Domino
711 3315 824 3373 nostro
848 3309 941 3394 Regi,
964 3307 1052 3393 quod
1075 3309 1253 3373 summaria
1283 3311 1478 3394 recapiatur‚

428 3437 487 3500 per
518 3411 768 3477 ambassiatores
798 3409 932 3490 ibidem,
963 3409 1157 3474 informacio
1187 3411 1310 3474 valoris
1340 3414 1478 3477 naviuin

430 3520 465 3580 et
495 3513 780 3578 mercimoniorum
810 3512 1009 3596 hujusmodi
1057 3511 1101 3575 Et
1124 3512 1213 3596 quod
1245 3519 1377 3592 extunc,
1400 3517 1479 3600 quia

429 3615 554 3700 absque
577 3613 749 3678 voluntate
772 3613 920 3698 parcium
943 3613 985 3677 de
1008 3612 1128 3697 quibus
1160 3614 1383 3698 conqueritur,
1405 3621 1478 3680 tan-

429 3725 503 3784 tum
527 3717 699 3804 negocium
722 3736 789 3781 non
820 3721 930 3802 potest
952 3716 1050 3802 plene
1073 3717 1276 3796 examinari;
1306 3717 1381 3783 ideo
1403 3741 1477 3786 con-

429 3820 583 3888 cordetur
606 3819 646 3883 de
662 3818 815 3904 congruis
839 3818 908 3882 loco
931 3823 965 3881 et
988 3823 1135 3903 tempore
1152 3819 1210 3882 ubi
1233 3820 1360 3884 domini
1375 3823 1479 3886 nostri

430 3920 689 3998 ambassiatores,
705 3919 834 3984 vocatis
859 3919 1023 3997 vocandis,
1045 3924 1205 4006 poterunt
1227 3921 1267 3985 de
1291 3922 1479 4008 hujusmodi

431 4023 571 4109 querelis
602 4022 645 4086 ad
675 4020 810 4106 plenum
841 4021 1024 4100 informari,
1054 4027 1089 4086 et
1118 4043 1181 4102 eas,
1212 4023 1311 4108 plena
1335 4023 1479 4108 justicia,

434 4147 509 4192 cum
533 4124 623 4190 omni
645 4123 824 4200 celeritate,
846 4123 943 4189 finire
966 4128 1000 4189 et
1023 4125 1210 4190 terminare.

477 4227 520 4292 In
543 4227 637 4312 cujus
660 4226 708 4290 rei
731 4225 960 4290 testimonium
982 4225 1060 4292 huic
1083 4228 1240 4312 praesenti
1269 4229 1481 4296 instructioni

433 4331 542 4396 dictus
565 4329 729 4394 Dominus
763 4334 876 4394 noster
899 4329 971 4393 Rex
1005 4334 1076 4395 tam
1109 4351 1268 4416 magnum
1291 4354 1390 4418 quam
1414 4335 1482 4420 pri-

430 4441 548 4497 vatum
572 4430 680 4516 sigilla
708 4453 769 4495 sua
792 4431 872 4497 fecit
895 4429 1042 4517 apponi.1
1094 4431 1184 4498 Data
1206 4433 1295 4519 apud
1320 4434 1484 4501 Westmo-

435 4534 629 4612 nestorium,
660 4531 748 4618 xiijio
786 4533 840 4598 die
862 4533 954 4610 Maii,
985 4556 1073 4600 anno
1107 4532 1201 4622 regni
1235 4537 1316 4603 dicti
1347 4527 1483 4605 Domini

431 4637 537 4702 nostri
563 4636 662 4722 Regis
685 4641 788 4700 sextoL

465 4813 543 4863 ¹The
556 4813 612 4863 iliis
629 4813 724 4864 fortha
740 4814 937 4864 asaehmentof
981 4812 1032 4864 this
1043 4819 1141 4878 record,
1151 4819 1200 4868 but
1211 4817 1256 4868 the
1266 4817 1332 4869 ceals
1343 4819 1483 4870 havebecn

430 4894 493 4946 both
503 4893 549 4944 the
558 4893 622 4943 reali
634 4907 678 4942 are
690 4891 741 4942 still
752 4900 780 4943 to
792 4893 823 4944 be
834 4907 895 4945 seen
905 4891 932 4942 in
979 4901 1025 4945 cut
1035 4894 1078 4945 off.
