3350 5800
642 1020 829 1069 aaronem.
1191 1003 1256 1072 379

201 1224 233 1275 et
250 1217 374 1275 maxime
392 1218 474 1275 illius
491 1237 576 1292 quere
593 1219 718 1291 impedit,
739 1219 818 1290 quod
835 1235 891 1274 nec
918 1219 1014 1274 Deum
1031 1237 1087 1274 nee
1105 1219 1255 1274 hominem

201 1303 350 1373 diligitet
367 1320 415 1358 me
434 1301 504 1358 odit.
544 1302 791 1372 Archiepiscopus
817 1302 909 1356 etiam
934 1320 994 1356 non
1011 1302 1078 1357 vult
1097 1301 1140 1355 ibi
1159 1317 1258 1356 creare

202 1385 343 1451 Priorem,
363 1403 514 1458 quousque
539 1387 650 1441 Domus
678 1385 730 1440 illa
755 1386 852 1440 soluta
879 1385 920 1440 sit
937 1403 955 1438 a
972 1386 1108 1440 manibus
1138 1384 1259 1440 Domini

203 1469 304 1540 Regis,
323 1475 354 1524 et
371 1469 414 1524 sic
432 1475 478 1526 est
494 1468 669 1524 novissimus
687 1486 769 1523 error
786 1466 870 1538 pejor
887 1469 993 1539 priore.
1032 1470 1154 1540 Propter
1168 1468 1257 1540 quod,

202 1555 318 1624 placeat
334 1553 417 1609 vobis
438 1551 587 1627 praemissa
605 1552 731 1609 Domino
749 1549 825 1622 Regi
844 1552 1012 1620 ostendere3
1032 1571 1085 1624 per
1097 1553 1175 1624 quod
1187 1552 1261 1608 velit

203 1635 363 1709 praecipere
381 1636 458 1707 quod
476 1634 723 1707 Archiepiscopua
751 1635 839 1706 pleno
860 1633 928 1705 jure
955 1637 1084 1705 gaudeat
1101 1641 1257 1708 patronatu

204 1737 257 1774 suo
275 1721 385 1775 Domus
410 1719 554 1785 Dovoriae,
575 1737 661 1790 quem
680 1722 724 1788 (ut
741 1717 832 1784 scitis)
852 1719 941 1773 habet
965 1736 1001 1773 ex
1028 1718 1212 1774 concessione
1230 1724 1260 1774 et

204 1801 362 1857 donatione
380 1807 598 1858 antecessorum
626 1800 746 1857 Domini
775 1801 888 1872 Regis3
915 1808 945 1856 et
963 1802 1041 1873 quod
1066 1801 1161 1870 possit
1186 1819 1260 1874 prae·

204 1885 291 1939 ficere
316 1883 449 1941 Priorem
488 1885 626 1939 idoneum
652 1882 684 1937 in
710 1885 804 1939 Domo
831 1883 981 1955 praedicta.
1025 1886 1140 1943 Valete.
1184 1887 1261 1940 Data

205 1966 373 2035 Londoniis‚
394 1966 482 2023 tertio
508 1965 555 2024 die
581 1967 761 2034 Decembris,
788 1984 866 2023 auno
892 1967 986 2038 regni.
1005 1968 1096 2038 Regia
1122 1968 1260 2025 Eduardi

204 2059 273 2108 ΠΜ
290 2050 458 2121 incipiente.

327 2275 630 2333 37.-Orooomrnon
648 2290 757 2332 corrui
775 2275 904 2330 Auaron
922 2291 960 2332 oa
979 2275 1133 2331 Rarurnca.
1295 2285 1406 2337 (cnm.)

172 2464 174 2467 ,
239 2407 351 2464 Notum
369 2407 408 2464 sit
421 2407 556 2464 omnibus
574 2408 768 2478 promentibus
780 2413 810 2463 ct
823 2409 940 2475 futuris,
954 2409 1033 2479 quod
1044 2426 1099 2479 ego
1110 2407 1260 2464 Wibertue
1271 2386 1399 2481 gfflni'

203 2491 289 2547 Prior
306 2496 337 2546 et
354 2491 521 2548 Oonventua
540 2491 678 2546 Ecclesiae
705 2490 817 2548 Christi
845 2491 1063 2548 Contrariensis
1089 2489 1260 2562 perdonavi-

204 2593 271 2630 mus
300 2575 396 2630 Alauo
426 2577 462 2630 de
501 2575 639 2646 Retlinge
670 2581 700 2630 et
736 2575 893 2631 heredibus
931 2575 992 2632 auis
1030 2575 1260 2647 quatuordecem
1272 2563 1429 2659 &Qu

203 2657 349 2724 denarios,
375 2659 411 2714 de
436 2657 546 2729 viginti
572 2675 623 2713 sex
648 2657 776 2714 donanis
807 2676 880 2729 quos
905 2657 968 2729 ipse
994 2659 1106 2714 Alanus
1134 2657 1260 2728 singolis
1273 2665 1377 2717 chapter

203 2740 288 2798 annia
305 2741 426 2797 reddere
444 2741 556 2796 solebat
573 2740 612 2796 ad
629 2743 721 2796 altare
741 2741 861 2808 Christi,
875 2741 911 2796 de
929 2747 1009 2798 terra
1026 2742 1153 2813 quedam
1171 2759 1260 2813 quam
1272 2715 1429 2809 ffidfw

204 2827 240 2880 de
270 2823 334 2895 ipso
363 2823 460 2879 tenuit
489 2822 626 2880 Winedei
665 2829 861 2894 cognomento
891 2824 1091 2890 Bitterdunce,
1123 2831 1153 2881 et
1179 2823 1261 2894 jacet
1273 2816 1382 2911 &Q

203 2925 293 2981 prope
311 2908 464 2963 ecclesiam
483 2906 586 2963 Sancti
604 2908 738 2978 Georgii,
755 2925 807 2977 pro
825 2908 971 2964 escambio
989 2908 1143 2979 cujusdam
1161 2914 1260 2973 terrm,
1271 2918 1408 2969 paneam

200 2989 325 3061 jacentia
343 2996 422 3045 retro
440 2990 598 3060 pistrinum
615 2994 759 3055 nostrum,
779 2990 856 3045 inter
883 3008 1002 3046 murum
1020 2990 1133 3047 scilicet
1152 2968 1431 3067 Gimwss'fxmffiot

202 3073 243 3129 tia
261 3079 291 3128 ot
309 3090 426 3127 murum
445 3072 543 3128 Guriae
561 3077 679 3137 nosuae,
700 3090 789 3143 quam
807 3074 871 3144 ipse
889 3074 1001 3129 Alanus
1019 3080 1051 3129 et
1067 3073 1188 3130 heredes
1200 3072 1259 3139 sui,
1271 3078 1331 3160 ffim
1339 3067 1397 3166 ξιξ,

205 3157 332 3214 liberant
340 3156 377 3212 ab
389 3155 524 3211 omuibus
536 3156 634 3221 rebus,
649 3173 701 3226 pro
715 3156 866 3227 praedictis
885 3156 1112 3227 quatuordecem
1131 3157 1259 3213 denariis
1271 3167 1430 3210 inconsidera-

203 3238 288 3295 nobie
308 3239 524 3310 imperpetuum
536 3243 750 3294 concesserunt.
788 3238 924 3294 Reddent
936 3245 1036 3295 autem
1054 3239 1138 3296 nobis
1160 3218 1429 3319 ἰιιροε-11011ξ1ζὼθ1

203 3326 310 3385 terum,
329 3321 365 3375 de
382 3320 525 3392 praedicta
551 3328 631 3377 terra
658 3338 746 3391 quam
773 3322 893 3377 tenebat
911 3322 1055 3388 Winedei,
1075 3323 1259 3417 supradictus
1270 3318 1397 3417 duffii}

203 3406 317 3461 Alanus
342 3410 373 3461 et
398 3405 520 3459 heredes
547 3404 593 3460 sui
620 3402 773 3461 annuatim
800 3405 959 3461 duodecem
986 3407 1131 3472 denarios,
1151 3408 1257 3477 rehqur
1271 3418 1371 3469 pieccor

204 3506 274 3546 vero
299 3486 537 3560 quatuordecem,
557 3505 610 3559 pro
637 3489 782 3544 escambio
806 3488 956 3559 praedicta
983 3496 1071 3546 terrae
1090 3508 1156 3562 quae
1174 3508 1259 3546 muro
1270 3467 1408 3561 fiffiffig'*

204 3578 304 3628 nostro
330 3568 454 3639 adjacet,
486 3568 529 3625 eis
553 3570 769 3626 relaxabuntur.
807 3570 873 3628 Hoc
900 3573 1102 3629 concambium
1127 3578 1159 3628 et
1183 3567 1419 3666 hstnssffissfflffl

205 3655 429 3711 couventionem
446 3658 509 3708 tam
535 3669 589 3709 noa
608 3671 698 3724 quam
725 3654 900 3725 sepedictus
918 3655 1032 3712 Alanus
1058 3674 1126 3712 cum
1143 3656 1259 3711 heredi·
1271 3668 1421 3720 incheme

206 3740 261 3795 bus
291 3739 352 3793 suis
382 3755 497 3809 semper
521 3736 704 3807 inposterum
728 3746 806 3794 ratas
830 3744 861 3794 et
878 3738 998 3795 stabiles
1022 3757 1086 3796 esse
1111 3718 1427 3811 volumus,}',⁸i,‘n'3t¹}1,²,¹,¹⁰

205 3828 235 3879 et
248 3821 400 3893 praesentis
419 3821 596 3892 cyrographi
608 3819 824 3892 conscriptione
836 3823 997 3879 firmamus
1034 3824 1169 3879 Testibus
1182 3824 1257 3879 hiisr
1270 3817 1431 3870 cityandthet

205 3924 240 3963 ex
264 3912 349 3978 parte
374 3911 483 3969 nostra,
503 3904 652 3962 Willelmo
678 3906 846 3972 camerario,
866 3905 1043 3964 Geddevvino
1068 3913 1099 3962 et
1124 3868 1416 3964 Jotanneiin‘i'cbiiie

205 3991 297 4057 cocis,
318 3993 349 4044 c
366 4006 401 4044 (ι
419 3993 503 4060 peno
520 3988 619 4054 Aren,
640 3988 788 4045 corbera
816 3989 854 4044 aa
879 3989 1107 4057 eracemum,
1125 3997 1156 4047 c
1181 3991 1258 4048 aoc-
1271 3968 1412 4021 “mr

205 4073 289 4130 berto
306 4070 412 4129 clerico
431 4070 467 4127 de
486 4069 603 4139 Glinde,
624 4078 654 4128 et
672 4070 828 4143 Radulpho
847 4072 884 4128 de
901 4073 1128 4144 Bosoogerardo.

264 4362 406 4431 38.-[Dr
423 4372 583 4418 nouorum
601 4375 715 4418 ruarmo
732 4376 790 4417 ror
808 4378 847 4419 ao
864 4373 1046 4420 cormeum
1065 4362 1208 4421 Omrnrn
1274 4322 1404 4443 affluo}

518 4446 694 4502 (iuncorum
712 4447 945 4515 commotarum]
1274 4450 1301 4494 c.
1311 4453 1345 4492 ao.

182 4614 186 4621 -
244 4579 400 4635 Ailianora
420 4580 476 4634 Dei
488 4581 587 4649 gratia
605 4579 727 4635 humilia
740 4579 859 4649 Angliae
872 4579 987 4650 Regina
999 4580 1135 4634 omnibus
1148 4580 1261 4636 Christi
1272 4548 1387 4651 iiiiviiger
1412 4568 1422 4583 ”

204 4664 341 4719 fidelibus
366 4662 404 4719 od
428 4680 500 4735 quos
530 4668 690 4734 presentes
720 4663 827 4719 litterae
858 4664 1055 4734 pervenerint,
1076 4665 1203 4719 salutem
1227 4665 1260 4719 in
1273 4649 1418 4750 fffflffi’ff

206 4746 326 4802 nomine
346 4744 477 4801 salutari.
525 4743 637 4800 Audito
662 4745 741 4816 quod
765 4746 939 4801 karissimus
964 4747 1043 4801 filius
1075 4754 1175 4802 noster
1198 4747 1261 4803 Rex
1273 4750 1315 4793 tho
1324 4750 1405 4801 impri-

205 4829 325 4899 Angliee
346 4828 484 4883 detentus
504 4832 549 4882 est
569 4828 606 4882 ab
629 4826 810 4898 Imperatore
835 4828 978 4895 Romano,
992 4828 1125 4884 vovimus
1145 4829 1183 4884 ed
1201 4848 1260 4886 me·
1272 4800 1415 4893 mopsos

204 4912 329 4967 moriam
353 4910 438 4967 Beati
469 4916 499 4967 et
525 4910 653 4967 Gloriosi
672 4910 825 4981 Martyris,
851 4916 887 4967 nt
905 4911 1110 4969 liberationem
1142 4913 1262 4970 Domini
1273 4899 1417 5000 fflffl·
