3350 5800
401 800 464 862 186
711 843 713 847 -
858 812 993 862 mmm

397 979 620 1068 calumpniam
677 980 923 1047 discutiendam
977 1000 1155 1049 reservare.
1216 983 1317 1049 Unde
1363 983 1456 1068 regio

397 1081 514 1161 edicio,
560 1105 597 1149 ac
635 1104 694 1169 per
738 1103 833 1146 susm
878 1083 1132 1170 praerogativam
1171 1084 1453 1170 jurisdictionem,

395 1185 557 1272 compulsi
590 1183 735 1262 fuerunt,
776 1184 1003 1262 reddiderunt,
1037 1186 1194 1263 fecerunt,
1216 1186 1378 1272 legerunt,
1414 1191 1451 1252 et

395 1284 577 1365 solverunt,
599 1293 636 1350 ci
659 1287 767 1351 adhuc
790 1307 904 1351 omnes
927 1308 1042 1351 eornm
1057 1308 1257 1353 successores
1279 1287 1454 1354 solverunt

395 1409 493 1476 cepas
524 1389 783 1478 professionsles‚
807 1389 863 1455 vel
885 1411 945 1476 pro
969 1390 1018 1454 eis
1041 1395 1305 1476 composuerunt,
1328 1396 1453 1476 praeier

395 1496 539 1577 quatuor
579 1492 785 1558 venerabiles
820 1496 932 1578 patres
964 1491 1201 1558 coventrensis
1243 1497 1279 1557 ei
1309 1491 1454 1558 Liehfel-

395 1593 506 1659 densis
544 1592 766 1660 Ecclesierum
813 1593 1002 1679 Episcopos,
1048 1593 1215 1671 videlicet,
1253 1593 1451 1676 Roberium‚

394 1695 582 1774 Ricardum,
604 1695 802 1772 Johsnnem,
836 1701 872 1760 ei
892 1695 1091 1773 Johnnnem,
1122 1718 1263 1780 quornm
1285 1698 1452 1762 secundus

393 1799 430 1863 in
453 1799 600 1864 Ecclesia
621 1797 855 1865 Centuan'ensi
887 1797 1049 1882 promisit,
1084 1797 1216 1863 oraculo
1238 1797 1328 1863 vivre
1350 1800 1454 1877 vocis,

393 1902 631 1988 inpraesentia
662 1899 931 1966 reverendissimi
965 1899 1072 1985 patris
1095 1905 1130 1964 ei
1161 1900 1289 1964 domini
1312 1901 1452 1967 Domini

393 2003 527 2070 Thomae
574 2003 740 2069 Arundell
778 2007 859 2068 iuno
897 2001 1151 2068 Cantusriensis
1188 2003 1452 2092 Arehiepisoopi,

392 2129 493 2172 unsm
527 2129 642 2194 cepam
680 2105 949 2192 professionelem
972 2105 1100 2170 stotuil
1137 2105 1285 2190 ejusdem
1319 2129 1452 2194 compe-

391 2213 517 2276 tentem
562 2209 633 2275 fore
669 2207 873 2285 solvendam,
917 2207 976 2272 sed
1020 2207 1203 2272 translatus
1247 2209 1291 2273 cd
1329 2209 1451 2275 Sedem

392 2311 640 2393 Eborscensem,
665 2315 699 2376 ei
735 2309 860 2375 ibidem
883 2314 989 2374 morte
1019 2315 1222 2395 praeventus,
1244 2311 1334 2396 qnod
1355 2313 1452 2399 polii·

390 2414 477 2480 citus
500 2419 551 2480 esi
572 2435 641 2479 non
663 2413 776 2500 potuii
799 2411 987 2498 adimplere.

435 2515 534 2581 Note
581 2515 690 2580 Item:
713 2513 844 2579 ratione
867 2513 1100 2598 praerogativae
1122 2519 1338 2581 scorosenciae
1361 2515 1452 2582 (ian-

389 2617 568 2683 iusriensis
624 2615 788 2694 Ecclesiae,
845 2635 958 2680 omnes
1013 2615 1169 2702 Episcopi
1210 2617 1451 2705 cujuscumque

389 2717 515 2784 fuerint
537 2717 748 2794 conditionis,
777 2715 969 2801 provinciae‚
992 2714 1154 2793 dioecesis,
1176 2715 1248 2782 sive
1278 2718 1381 2804 regni,
1404 2721 1450 2786 sb

389 2819 646 2907 Archiepisoopo
694 2817 875 2884 consecrati
921 2816 1102 2894 solverim,
1148 2821 1184 2882 ei
1228 2818 1450 2906 imposterum

390 2924 517 2989 solvere
539 2926 707 3001 tenentur,
743 2942 846 2985 unam
869 2940 985 3005 cspsm
1015 2920 1196 2986 eorundem
1229 2923 1335 2987 stetui
1357 2946 1449 2989 oom-

389 3030 565 3113 peientem.
612 3024 654 3088 In
700 3022 795 3107 cujus
829 3022 878 3087 rei
911 3021 1139 3087 testimonium
1179 3022 1321 3089 hebetur
1365 3048 1451 3114 caps

388 3128 562 3193 reverendi
593 3125 698 3213 petris
731 3124 870 3189 Domini
903 3121 1040 3189 Gererdi
1068 3123 1110 3188 de
1134 3123 1339 3191 Greuniseus
1370 3128 1447 3193 Vir-

389 3228 559 3296 duniensis
575 3225 738 3315 Episcopi,
762 3226 803 3291 de
818 3225 992 3312 provincie
1013 3224 1208 3291 Treverensi
1230 3225 1267 3291 in
1281 3227 1450 3308 Almsnis,

388 3331 447 3419 qui
469 3334 679 3399 consecratus
701 3332 752 3393 esi
774 3349 795 3392 e
818 3326 1094 3392 reverendissimo
1116 3332 1213 3413 petre
1236 3328 1382 3395 Roborio
1405 3333 1450 3397 de

389 3431 618 3520 Kyllwerdby,
650 3428 692 3495 de
725 3427 851 3495 Ordine
890 3426 1159 3504 Praedicatorum,
1191 3426 1448 3517 Archiepisoopo

389 3532 629 3610 Onniueriensi,
653 3530 743 3617 apud
770 3529 911 3606 Merton,
933 3548 1022 3593 anno
1044 3526 1182 3593 Domini
1204 3544 1447 3612 n0cc0nxva0,

388 3636 564 3704 Dominics
586 3634 623 3699 in
646 3632 761 3697 Remis
784 3630 994 3711 Pelmcrum3
1026 3630 1248 3715 praesentibus
1270 3632 1447 3721 Episcopis

387 3736 620 3813 londoniensi,
643 3732 801 3810 Roffensi,
825 3732 1052 3808 Bethoniensi
1086 3732 1306 3813 Landevensi,
1328 3736 1448 3804 suffra·

388 3844 505 3935 ganeis
521 3840 774 3910 Oeninnriensis
797 3838 953 3905 Ecclesiae
975 3839 1184 3924 supmdiciae.

430 3946 530 4011 Note
577 3942 828 4009 Memorandum
853 3942 955 4006 etism
978 3940 1067 4027 qnod
1090 3962 1173 4027 cape
1194 3942 1445 4028 professionslis

384 4047 522 4115 Domini
568 4045 707 4110 Roberii
754 4042 897 4108 Eliensis
944 4042 1100 4129 Episcopi
1137 4042 1331 4129 adjudicata
1375 4046 1447 4113 fuis

386 4148 541 4238 Capitulo
575 4170 635 4235 per
656 4147 824 4213 decretum
859 4143 996 4209 Domini
1029 4144 1169 4209 Roberti
1191 4144 1444 4215 centuariensis

385 4249 643 4337 Archiepiscopi,
665 4268 734 4313 non
765 4248 921 4312 obstante
944 4244 1034 4330 quod
1064 4244 1176 4310 dictus
1198 4244 1341 4312 Eliensis
1364 4250 1444 4337 Epi-

386 4374 503 4442 scopus
526 4354 733 4418 consecraius
755 4347 822 4413 fuis
844 4348 881 4411 in
903 4346 1006 4413 Curio
1022 4346 1173 4412 Romans
1195 4370 1283 4415 enno
1307 4348 1445 4418 Domini
1488 4352 1495 4367 '

387 4458 513 4542 (1303).

664 4665 671 4697 ¹
685 4668 776 4714 scatron
794 4698 800 4711 .
819 4698 825 4711 .
845 4698 851 4711 .
872 4698 878 4710 .
896 4666 1091 4721 reuomentem,
1102 4661 1161 4713 MS.
