3350 5800
606 910 896 961 caurusarausas.
1236 898 1277 962 19
1343 976 1352 985 ,

216 1082 409 1173 cantaverit
432 1084 563 1149 ibidem.
612 1084 732 1170 Sicque
767 1090 902 1149 cantare
930 1084 1067 1169 juvabit
1102 1086 1130 1149 is
1162 1108 1276 1151 eorum

215 1183 272 1265 qui
328 1184 364 1247 in
413 1186 493 1271 ipsis
532 1186 810 1251 universitatibus
849 1206 916 1251 non
955 1188 1124 1252 vacaverit
1163 1188 1275 1253 studio

212 1280 413 1362 litterarum,
438 1286 503 1351 uisi
529 1288 638 1371 quoad
674 1287 780 1352 officia
813 1286 1003 1372 hujusmodi
1053 1286 1147 1353 festis
1190 1289 1275 1373 dup-

212 1386 358 1470 plicibus
397 1393 492 1453 extra
531 1387 742 1454 Dominicam
781 1394 973 1467 occurrent3
1003 1389 1102 1453 aliter
1140 1390 1276 1455 duxeris

213 1487 416 1575 Capellanus
439 1491 570 1577 collegii
595 1492 749 1577 praedicti
773 1491 1034 1576 dispensandum
1049 1512 1125 1557 cum
1141 1491 1274 1558 eisdem.

214 1589 303 1655 (lum
338 1615 418 1658 vero
454 1594 489 1658 in
524 1594 636 1679 aliqua
672 1616 715 1658 ex
750 1592 830 1680 ipsis
862 1592 1153 1658 Universitatibus
1188 1616 1275 1658 unus

212 1693 381 1759 dictorum
421 1694 603 1763 Scolacium
658 1695 822 1783 [studio]¹
864 1696 1054 1761 litterarum
1094 1696 1275 1773 vacaverit,

213 1796 305 1879 quod
337 1798 396 1861 uni
429 1820 552 1873 eorum,
577 1803 611 1863 et
643 1820 710 1863 nou
745 1796 908 1862 ambobus
943 1798 1054 1874 simul,
1078 1819 1154 1862 cum
1190 1799 1275 1862 bene

215 1895 336 1983 legere,
386 1906 530 1975 cantare,
569 1905 603 1963 et
643 1904 843 1975 construere,
881 1920 921 1963 ac
958 1899 1081 1984 viginti
1131 1906 1276 1984 quatuor

217 2018 336 2064 versus
351 2021 417 2065 uno
441 2002 495 2066 die
519 2002 560 2066 de
575 2023 644 2067 una
666 2002 807 2066 materia
831 2022 1034 2087 componere,
1045 2001 1189 2077 sciverit,
1199 2023 1274 2067 cum

216 2098 357 2166 licencia
381 2102 462 2168 dicti
489 2102 672 2190 Capellani,
689 2103 915 2189 permittimus
938 2104 1080 2167 eundem
1107 2103 1273 2169 Scolarem

216 2200 255 2266 in
293 2204 385 2269 dicta
418 2205 555 2271 ecclesia
593 2205 724 2270 divinia
764 2204 948 2285 celebrare;
986 2205 1201 2290 coadjuvabit
1238 2206 1275 2269 in

214 2304 409 2370 ebdomadis
448 2306 574 2372 Pascha
611 2316 645 2371 et
697 2307 812 2372 Sancti
853 2306 1025 2371 Michaelis
1063 2307 1274 2393 Archangeli,

216 2406 407 2493 incipiendo
431 2408 615 2474 ebdomada
648 2408 774 2475 Pascha
798 2410 835 2473 in
858 2409 913 2473 die
936 2408 1141 2485 Parasseves,
1157 2409 1274 2475 etalio

217 2508 402 2573 ebdomada
434 2510 621 2596 penultimo
653 2512 707 2575 die
744 2510 865 2576 mensis
900 2510 1114 2596 Septembris,
1152 2511 1274 2596 quibus

216 2610 347 2675 duabus
381 2612 573 2678 ebdomadis
608 2613 764 2679 volumus
797 2611 923 2677 cibaria
954 2612 1018 2676 sibi
1053 2634 1112 2697 per
1147 2612 1272 2677 dictum

216 2710 433 2798 Capelianum
449 2714 589 2779 indicto
606 2714 744 2800 collegio
768 2714 961 2778 ministrari.
1010 2713 1052 2777 In
1067 2714 1274 2799 singulisque

216 2812 347 2878 duabus
380 2814 573 2881 ebdomadis
606 2815 813 2903 supradictis,
838 2814 902 2901 ipsi
927 2814 1074 2879 Scolares
1096 2822 1131 2880 et
1155 2814 1273 2902 Capel-

217 2915 313 2980 lanus
362 2918 584 2984 communiter
632 2917 897 3004 supervidebunt
936 2917 1025 2982 bona
1062 2916 1200 3003 collegii,
1239 2925 1273 2981 et

216 3019 384 3103 corrigent
428 3019 621 3106 corrigenda
659 3019 793 3084 ibidem.
855 3018 896 3082 In
935 3016 1119 3082 ebdomada
1157 3017 1272 3084 Sancti

218 3117 391 3184 Michaelis
414 3121 679 3186 anniversarium
711 3120 897 3185 animarum
930 3118 1163 3204 praedictarum
1191 3119 1273 3183 cele·

218 3220 366 3286 brabunt
414 3223 542 3300 devote,
582 3223 786 3308 recipiatque
836 3221 926 3286 idem
966 3220 1174 3305 Capelianus,
1212 3242 1273 3306 pro

216 3323 349 3389 cibariis
373 3325 476 3411 ipsius
501 3323 643 3390 Scolaris
667 3325 768 3390 dictis
792 3322 922 3388 duabus
945 3321 1137 3387 ebdomadis
1165 3323 1273 3387 eidem

216 3425 457 3504 ministrandis,
493 3426 576 3491 duos
615 3425 737 3490 solidos
775 3424 1021 3510 sterlingorum,
1056 3445 1094 3489 ac
1126 3423 1274 3508 quinque

217 3527 338 3591 solidos
371 3534 515 3613 quatuor
549 3529 703 3594 denarios
726 3549 786 3613 pro
809 3548 905 3612 pane,
928 3527 1018 3605 vino,
1042 3539 1077 3590 et
1100 3525 1273 3590 luminari-

217 3629 287 3704 bus,
327 3629 371 3694 ad
409 3633 524 3695 missas
562 3652 639 3695 suns
679 3628 893 3695 celebrandas
933 3627 1142 3706 necessarios,
1182 3627 1274 3692 ultra

216 3730 390 3796 duodecim
413 3753 540 3798 marcas
564 3737 598 3796 et
621 3730 865 3796 habitationem
889 3750 982 3794 suam
1006 3728 1209 3814 praedictam,
1233 3729 1274 3793 de

216 3831 312 3897 bonis
347 3835 504 3900 cantaria·
537 3834 608 3898 sive
641 3831 771 3917 collegii
805 3831 967 3917 praedicti.
1031 3828 1160 3895 Ceteris
1194 3853 1274 3895 vero

217 3935 423 4020 temporibus
472 3937 560 4013 anni,
600 3934 732 4020 praesati
779 3931 928 3997 Scolares
975 3932 1088 3995 studio
1126 3932 1273 4008 lecturre,

216 4041 344 4110 cantus,
382 4037 615 4122 grammaticae,
653 4057 691 4100 ac
729 4034 872 4098 aliarum
918 4034 1134 4098 scienciarum
1174 4033 1272 4098 liber-

216 4138 328 4216 alium,
375 4139 496 4222 quiete,
542 4143 640 4217 caste,
687 4136 804 4212 sobrie,
851 4141 886 4200 et
943 4134 1122 4221 diligenter
1178 4156 1273 4201 vaca·

219 4239 328 4319 bunt3
381 4239 430 4304 sic
464 4245 580 4304 tamen
621 4238 712 4324 quod
751 4236 931 4302 servicium
969 4236 1122 4300 divinum
1160 4257 1272 4321 supro·

217 4339 344 4404 dictum
360 4339 396 4402 in
411 4339 502 4404 dicta
525 4338 661 4405 ecclesia
685 4336 947 4423 impendendum
971 4357 1039 4400 non
1054 4335 1273 4401 subtrahatur

218 4441 444 4526 quovismodo.
513 4439 627 4525 Siquis
675 4459 754 4504 vero
807 4437 955 4522 ipsorum
1010 4436 1184 4522 Capellani
1240 4445 1275 4502 et

219 4539 401 4606 Scolarium
434 4540 637 4605 contrarium
670 4538 797 4614 fecerit,
822 4538 850 4601 si
874 4559 933 4623 per
965 4537 1187 4602 dioecesanum
1212 4537 1275 4602 loci

216 4650 268 4707 ter
291 4641 410 4706 moniti
425 4642 469 4706 ab
492 4641 683 4726 hujusmodi
709 4639 801 4706 viciis
825 4659 894 4703 non
918 4639 1131 4714 cessaverint,
1147 4659 1185 4702 eo
1201 4639 1275 4723 ipso

216 4766 284 4810 nou
308 4765 448 4818 cessam,
471 4765 491 4808 a
514 4744 586 4809 loco
619 4748 653 4807 et
686 4741 865 4827 praebenda
897 4742 966 4804 suis
1001 4739 1201 4825 supradictis
1230 4740 1275 4802 sit

622 4938 629 4974 ¹
647 4939 739 5003 stadio,
751 4955 802 4991 om.
814 4937 874 4990 MS.

1090 5035 1112 5082 a
1134 5025 1155 5084 2
