3350 5800
603 825 896 878 csrrurmuusns.
1215 817 1278 881 151

207 1008 367 1078 tratores
390 1011 479 1080 inter
502 1033 536 1080 se
560 1015 755 1081 conmrdare
778 1036 846 1081 non
867 1019 1026 1102 poterunt
1048 1015 1133 1083 citra
1156 1015 1278 1082 festum

208 1109 350 1178 dictum
383 1115 603 1194 Pentecostes‚
639 1117 728 1202 quod
766 1123 891 1184 extunc
922 1118 1073 1204 praedicti
1110 1117 1205 1184 Prior
1241 1124 1276 1183 et

210 1210 418 1299 Capitulum
435 1223 469 1283 et
492 1239 604 1283 eorum
629 1240 826 1285 successores
850 1221 1005 1284 steterint
1024 1220 1171 1298 arbitrio,
1187 1220 1275 1286 ordi·

208 1315 359 1394 nationi,
383 1325 419 1383 et
443 1319 579 1404 judicio,
603 1320 866 1386 reverendissimi
890 1322 926 1385 in
950 1321 1084 1388 Christo
1114 1323 1218 1408 patris
1241 1328 1275 1388 et

208 1415 348 1484 domini
384 1420 520 1485 Domini
553 1421 691 1487 Henrici
723 1422 936 1508 permissione
975 1423 1091 1488 divina
1129 1422 1275 1489 Cantus·

209 1517 337 1585 riensis
376 1523 633 1610 Archiepiscopi,
673 1525 809 1610 imparis
847 1547 906 1611 per
944 1532 1054 1611 partes
1098 1525 1275 1612 praedictas

208 1621 324 1699 electi,
349 1624 389 1689 de
424 1630 459 1689 et
495 1647 594 1711 super
632 1626 783 1691 omnibus
813 1625 1013 1712 praemissis3
1051 1631 1085 1691 ct
1123 1627 1274 1711 praedicti

210 1721 314 1789 Prior
338 1731 372 1791 et
405 1725 599 1812 Capitulum
633 1733 667 1792 et
704 1750 817 1792 eorum
850 1749 1049 1793 successores
1089 1729 1273 1808 arbitrium,

209 1827 473 1907 ordinationem,
498 1834 533 1894 et
560 1829 725 1914 judicium
749 1830 903 1915 praedicti
938 1830 1075 1915 imparis
1097 1850 1157 1915 pro
1181 1836 1275 1916 parte

210 1949 278 1993 sua
301 1930 596 2016 perimplaverint;
627 1931 677 1996 ita
713 1936 827 1996 tamen
858 1930 947 2015 quod
978 1930 1162 2009 arbitrium,
1186 1933 1273 1996 ordi·

209 2030 318 2105 natio,
345 2035 380 2095 et
397 2031 562 2116 judicium
586 2031 732 2115 ejusdem
768 2032 905 2117 imparis
937 2031 1023 2096 fiant
1045 2033 1129 2096 citra
1150 2033 1273 2098 festum

210 2127 333 2195 Sancti
358 2130 448 2196 Petri
471 2133 560 2217 quod
584 2131 708 2198 dicitur
731 2131 791 2197 Aa
805 2133 949 2198 amata
971 2133 1160 2218 proximum
1182 2134 1274 2199 futu·

210 2252 291 2296 rum
315 2238 392 2318 post
407 2234 522 2298 datum
546 2234 793 2320 infrascriptum
816 2234 987 2320 inscripta,
1002 2235 1112 2320 sigilio
1128 2235 1274 2320 ejnsdcm

211 2334 354 2420 imparis
377 2335 529 2422 sigillata,
554 2337 688 2421 utrique
711 2337 858 2422 partiam
891 2335 1126 2423 praedictarum
1150 2337 1273 2404 delibe-

210 2437 338 2514 randa3
361 2438 449 2522 quod
482 2444 606 2504 extunc
640 2460 784 2523 praesens
817 2438 976 2522 obligatio
1008 2459 1068 2524 pro
1100 2439 1192 2504 nullo
1215 2442 1271 2506 ha·

211 2536 353 2617 beatur;
376 2539 525 2626 alioquin
548 2541 584 2604 in
607 2561 667 2604 suo
690 2538 804 2604 robore
827 2544 1019 2624 permaneat
1041 2543 1077 2604 ct
1099 2540 1227 2608 effectu.

214 2822 555 2888 1004.-Osmsrrro
586 2838 693 2888 mres
727 2823 888 2888 Paroraia
922 2823 1099 2888 Eccnasms
1123 2821 1270 2888 Osarsm
1316 2833 1408 2900 serry

411 2943 453 2989 nr
485 2926 674 2991 cusronrsu
697 2926 825 2993 Dasius
850 2925 1082 2993 Sesommuu
1104 2941 1151 2990 nn
1173 2925 1269 2991 Mna·
1328 2906 1401 2953 ¹⁴2⁹·

409 3044 486 3107 ron,
510 3027 666 3094 Oxourn.
1283 3018 1402 3071 aloru.

1282 3134 1440 3199 Bondgiven

261 3190 437 3270 Noverint,
476 3198 535 3257 etc.
582 3213 642 3256 nos
682 3191 885 3255 Willelmum
925 3191 1069 3256 Priorem
1117 3189 1268 3256 Ecclesiae
1282 3200 1370 3265 hythe

214 3292 344 3358 Christi
377 3292 635 3373 Cantuariensis,
667 3298 727 3359 eto.
761 3292 868 3357 teneri
891 3298 926 3357 et
958 3292 1097 3355 firmiter
1130 3291 1269 3377 obligari
1282 3266 1438 3383 gffiffff

215 3394 364 3461 Henrico
386 3395 556 3481 Abyndon
579 3395 718 3461 Custodi
743 3395 871 3459 Domus
895 3394 1092 3459 scholarium
1120 3394 1160 3458 do
1183 3393 1359 3475 Mer-bury,

214 3502 285 3574 ton,
308 3502 369 3563 etc.
392 3498 427 3561 in
450 3502 584 3563 centum
606 3498 699 3562 libris
730 3496 974 3581 sterlingorum,
996 3501 1056 3559 etc.
1102 3495 1144 3559 In
1166 3494 1269 3580 cujus,
1282 3465 1397 3580 {iffi}

215 3606 278 3665 etc.
323 3598 450 3665 Datum
476 3604 595 3684 quarto
619 3598 672 3663 die
695 3600 817 3663 mensis
834 3598 925 3675 Maii,
941 3618 1029 3662 anno
1051 3598 1145 3683 regni
1168 3596 1268 3682 Regis
1280 3595 1412 3714 milk?

216 3701 355 3767 Henrici
378 3702 465 3767 sexti
488 3700 620 3787 Angliae
643 3704 677 3764 et
700 3700 848 3765 Franciae
870 3700 1019 3785 septimo.
1280 3729 1431 3781 arbitratos

262 3802 418 3869 Conditio
449 3803 545 3869 istius
568 3800 779 3887 obligationis
812 3802 889 3866 talis
920 3806 979 3877 est,
1002 3801 1091 3886 quod
1114 3800 1142 3865 si
1164 3800 1266 3867 infra-
1278 3794 1440 3913 &imple

215 3906 329 3993 scripti
353 3906 538 3971 Willelmus
576 3904 671 3969 Prior
705 3908 739 3968 ct
772 3902 966 3989 Capitulum
998 3909 1033 3968 et
1066 3923 1440 3997 successorestonconegg

214 4006 266 4072 sui
282 4008 436 4073 steterint
451 4008 599 4083 arbitrie,
615 4005 826 4081 ordinationi,
840 4011 874 4070 et
893 4004 1019 4090 judicio
1034 4007 1263 4071 reverendissi-
1276 3995 1416 4125 &¹5⁰ssss

213 4131 344 4176 morum
382 4110 418 4174 in
456 4109 588 4176 Christo
628 4112 759 4195 patrum
800 4112 834 4173 et
880 4106 1094 4184 dominorum,
1128 4108 1265 4173 Henricr
1278 4126 1413 4179 tiontobc

215 4213 428 4298 permissione
459 4212 575 4276 divina
597 4210 848 4276 Cantuariensis
872 4208 1128 4295 Archiepiscopi,
1150 4215 1186 4274 et
1208 4194 1410 4309 Jo-fflffld
1451 4278 1456 4289 ‚

216 4316 336 4383 hannis
359 4314 471 4380 eadem
507 4313 721 4400 permissione
755 4312 873 4376 divina
907 4310 1118 4375 Eboracensis
1151 4310 1267 4377 Archi·
1278 4324 1322 4375 the
1333 4325 1438 4390 college

216 4416 369 4505 episcopi,
392 4422 451 4483 etc.
486 4416 527 4480 de
561 4419 596 4479 et
630 4436 729 4499 super
763 4413 874 4494 titulo,
894 4412 978 4498 jure,
1002 4418 1035 4475 et
1067 4414 1268 4497 possessione
1279 4390 1441 4521 ssffiffiffly

216 4522 385 4608 cujusdam
410 4540 539 4605 magnae
574 4516 726 4604 parcellae
760 4517 821 4582 soli
853 4518 890 4580 in
913 4513 1142 4601 Sparwefelde,
1166 4535 1204 4578 ac
1227 4513 1267 4579 de
1280 4522 1415 4586 arightot

216 4630 251 4690 et
274 4644 372 4709 super
394 4620 547 4686 omnibus
570 4618 769 4697 actionibus
791 4623 852 4684 etc.
874 4618 962 4681 inter
993 4616 1099 4681 dictos
1121 4614 1268 4679 Priorem
1281 4602 1437 4716 {ffissm

215 4732 250 4793 et
283 4724 463 4792 Custodem
495 4722 603 4801 motis,
638 4726 699 4788 etc.
735 4721 784 4787 ita
806 4720 895 4809 quod
929 4718 1056 4783 dictum
1085 4715 1269 4796 arbitrium,
1281 4718 1341 4769 aar
1351 4725 1379 4769 st
