3350 5800
611 838 906 890 caurusamusss.
1247 835 1266 894 5

213 1017 248 1081 iu
271 1018 532 1086 elemosinariam
556 1043 614 1107 per
637 1023 719 1086 alios
755 1022 926 1089 seculares.
984 1025 1079 1091 Etsi
1115 1049 1265 1091 remune-

214 1121 280 1184 rari
318 1121 400 1186 alios
437 1122 599 1188 custodes·
630 1123 785 1189 Fratrum
828 1125 1034 1190 infirmorum
1064 1127 1176 1206 libeat,
1206 1150 1267 1213 per

214 1220 442 1288 discrecionem
477 1223 666 1309 Supprioris
702 1231 736 1292 et
760 1226 917 1292 Custodia
947 1228 1260 1294 Anniversariorum

215 1337 474 1391 remunerentur.

257 1427 364 1492 Item:
394 1429 452 1493 alii
484 1429 616 1494 Fratres
650 1431 772 1495 infirmi
806 1432 1006 1511 claustrales,
1041 1436 1096 1520 qui
1131 1441 1267 1521 propter

213 1529 441 1595 infirmitatem
474 1553 541 1596 non
581 1540 720 1617 possunt
759 1535 853 1618 sequi
886 1534 1107 1612 (lomentum,
1140 1543 1175 1602 et
1205 1558 1265 1622 per

213 1630 443 1696 discrecionern
483 1637 517 1697 et
567 1633 737 1698 licenciam
789 1633 979 1720 Supprioris
1023 1636 1066 1700 ad
1105 1637 1264 1703 Maraccas

216 1731 399 1816 Macies-rw
422 1734 635 1812 comederint,
667 1734 810 1819 quilibet
845 1758 958 1801 eorum
990 1737 1073 1802 duos
1105 1739 1260 1804 denarios

212 1857 271 1920 per
302 1838 389 1902 diem
424 1839 560 1924 recipiet
585 1839 739 1904 dedicta
764 1840 909 1906 Custode
941 1842 1262 1908 Auniversariorum

213 1959 271 2023 per
293 1940 525 2005 discrecionem
548 1947 660 2006 tamen
683 1941 882 2027 Supprioris.

258 2040 363 2106 Item:
395 2043 535 2127 quilibet
569 2042 802 2122 Stacionarius,
826 2045 884 2128 qui
919 2045 1106 2109 communia
1137 2046 1263 2111 cibaria

212 2145 379 2208 comedere
402 2145 533 2229 poterit,
549 2165 609 2230 pro
628 2145 798 2230 pittanciis
821 2147 890 2210 suis
914 2146 1092 2212 duodecem
1109 2147 1263 2212 denarios

212 2245 349 2329 recipiet
371 2246 411 2309 de
435 2247 523 2312 dicto
547 2245 694 2311 Custode
729 2269 788 2331 per
820 2248 1049 2332 septimanam.
1095 2247 1160 2313 Pro
1191 2251 1263 2336 qui-

212 2344 274 2408 bus
308 2345 574 2412 exhibicionibus
608 2347 776 2423 faciendis,
801 2355 842 2412 ut
864 2349 1062 2433 praedictum
1098 2355 1156 2428 est,
1181 2373 1260 2436 praa·

212 2445 300 2512 fatus
358 2447 476 2514 Custos
532 2449 845 2513 Anniversariorum
899 2450 1036 2535 recipiet
1084 2452 1260 2517 annuatim

212 2549 357 2633 quinque
388 2571 520 2628 mmcas,
556 2552 643 2616 sicut
676 2550 768 2635 prius
791 2551 872 2616 ,lieri
906 2550 1000 2626 solet,
1033 2551 1073 2616 de
1105 2553 1262 2638 pensione

211 2653 352 2719 ecclesiae
376 2655 417 2720 de
440 2655 586 2732 Boctou;
620 2662 654 2721 et
676 2655 758 2720 alias
782 2656 929 2740 quinque
951 2678 1089 2736 marcas,
1112 2659 1165 2723 vel
1188 2659 1263 2745 plus

211 2755 239 2818 si
271 2777 400 2822 necesse
433 2757 546 2833 fuerit,
569 2757 705 2842 recipiet
739 2757 779 2821 de
816 2757 962 2823 Custode
995 2758 1132 2824 Tumbae
1165 2760 1261 2826 Beati

212 2856 358 2922 Martiris
381 2857 522 2925 Thomas.

257 2959 302 3023 Et
324 2961 518 3038 notandum,
539 2961 629 3046 quod
651 2960 855 3046 infrascripti
878 2960 1021 3037 Fratres,
1037 2961 1116 3027 licet
1137 2948 1261 3027 infirmi

212 3060 345 3136 hierint,
384 3062 487 3128 nichil
532 3063 693 3148 recipient
743 3062 781 3127 dc
828 3062 989 3147 praedicta
1038 3062 1263 3130 exhibicione:

214 3162 375 3241 videlicet,
411 3164 580 3250 Supprior,
617 3164 773 3240 Sacrista,
814 3164 1034 3243 subsacrista,
1067 3164 1261 3252 Fraecentor.

169 3250 172 3256 ’
214 3251 407 3329 Celaenus,
444 3253 700 3333 Subcelerarius,
736 3252 956 3329 Camerarius,
988 3253 1258 3331 Elemosinarius,

212 3353 413 3439 Capelianus
451 3355 587 3420 Domini
635 3355 769 3433 Pueris,
806 3354 1029 3431 Thesaurarii,
1067 3354 1259 3434 Feretrarii,

211 3455 331 3521 Custos
355 3456 491 3521 Coronae
526 3456 622 3521 Beati
655 3456 803 3521 Martiris
834 3455 981 3533 Thomas,
1006 3453 1127 3520 Custos
1149 3457 1262 3521 Beatae

212 3556 325 3623 Mariae
364 3560 399 3621 in
439 3560 576 3644 Criptis,
616 3557 737 3623 Custos
778 3557 876 3621 Ensis
915 3562 949 3621 et
988 3556 1125 3623 Tumbae
1164 3558 1261 3624 Beati

212 3659 354 3739 Thomas,
405 3660 524 3725 Custos
574 3660 717 3747 granarii
766 3666 800 3723 et
847 3658 1028 3735 berthonae,
1066 3666 1101 3724 et
1150 3681 1262 3725 omues

212 3762 374 3827 Custodes
397 3763 621 3828 maneriorum
646 3763 703 3846 qui
727 3784 787 3846 pro
810 3766 957 3846 tempore
980 3760 1124 3842 fuerint;
1150 3785 1262 3827 omnes

210 3863 290 3927 alii2
321 3864 453 3930 Fratres
475 3885 562 3929 neore
588 3864 786 3928 clcacastrclca
808 3884 867 3949 per
889 3884 923 3925 se
946 3869 1189 3947 nuncupantur.

257 3966 362 4029 item:
394 3966 434 4031 de
465 3966 645 4030 medeciuis
678 3965 831 4029 Fratrum
864 3964 1079 4042 infirmorum,
1102 3966 1260 4045 medicus,

212 4068 270 4152 qni
303 4089 364 4155 pro
403 4073 552 4154 tempore
588 4066 698 4143 fuerit,
733 4087 807 4131 cum
846 4066 1046 4149 apotecario,
1085 4067 1259 4151 providero
1287 4142 1293 4155 ⁹

211 4170 327 4251 debet3
350 4175 385 4234 et
407 4169 458 4233 bis
482 4169 524 4233 ad
547 4170 657 4234 minus
680 4169 716 4231 in
738 4187 826 4231 anno
857 4165 1006 4231 cedulam
1030 4188 1260 4252 expensarum,

210 4271 295 4336 sicut
317 4270 494 4356 praedictus
518 4270 637 4335 Custos
653 4266 974 4345 Anniversariorum,
991 4266 1096 4333 Priori
1116 4275 1151 4334 et
1175 4268 1260 4334 Con·

211 4372 326 4437 ventui
349 4372 506 4439 exhibere
528 4372 635 4437 debet.

243 4674 329 4725 ιἸἾιίε
357 4690 408 4725 vas
427 4690 443 4725 a
462 4672 707 4739 liberally-supplied
729 4667 737 4770 Ι
758 4673 898 4723 valescenta
920 4674 973 4723 and
995 4672 1087 4723 moukr
1110 4672 1168 4723 who
1196 4689 1260 4724 were

209 4754 276 4803 table
286 4754 376 4817 placed
387 4752 413 4803 iu
424 4769 439 4804 a
450 4754 503 4804 hall
522 4752 652 4818 adjoining
662 4752 706 4803 the
758 4752 846 4819 taking
857 4751 992 4815 deportare.

203 4832 349 4901 Infirmary,
370 4835 421 4887 aad
441 4835 557 4885 merved
581 4832 621 4884 ior
646 4848 707 4883 cou-
730 4794 736 4897 l
800 4829 970 4892 ²ah'oaMS.
