3350 5800
410 842 477 909 820
851 858 983 905 arrasa

407 1058 442 1116 et
463 1072 662 1115 successores
685 1072 759 1113 suos
785 1049 947 1125 ineundae,
971 1055 1005 1114 et
1027 1072 1088 1135 pro
1110 1056 1268 1135 perpetuo
1294 1051 1467 1114 firmandae

407 1160 442 1218 et
473 1150 724 1227 intertenendre,
748 1158 782 1215 et
816 1150 859 1214 ad
892 1172 1005 1216 omnes
1040 1151 1229 1237 hujusmodi
1253 1153 1466 1237 quaestiones,

407 1255 620 1330 differentias,
643 1254 727 1331 lites,
751 1253 939 1330 discordias,
962 1259 998 1318 et
1029 1254 1258 1319 contentiones
1288 1252 1466 1330 tollendas,

408 1356 616 1433 amovendas,
640 1360 672 1419 et
688 1354 823 1421 omnino
846 1356 1018 1432 sedandas,
1034 1357 1070 1420 in
1093 1356 1269 1421 voluntate
1290 1356 1466 1435 existant;

409 1459 574 1545 quandam
616 1458 741 1543 peciam
782 1462 891 1533 terrm,
925 1456 1124 1542 parcellam¹
1163 1459 1261 1523 dicta
1293 1456 1465 1534 Civitatis,

403 1562 569 1645 jacentem
591 1559 677 1624 infra
699 1566 733 1624 et
756 1558 927 1623 ad‘mnrcs
942 1560 1098 1644 ejusdem,
1114 1566 1149 1625 et
1170 1582 1205 1624 se
1227 1560 1465 1625 extendentem

408 1663 451 1727 ab
482 1662 626 1738 ecclesia,
651 1660 724 1727 etc.²
748 1666 862 1726 nostra
894 1660 1061 1726 mediante
1093 1660 1236 1739 licentia,
1268 1660 1379 1737 dandi,
1410 1660 1465 1725 di·

409 1762 572 1839 mittendi,
596 1767 631 1827 et
653 1762 870 1839 concedendi;
905 1761 993 1826 unde
1016 1760 1112 1826 nobis
1143 1762 1316 1827 humiliter
1336 1762 1466 1848 suppli-

408 1870 535 1939 carunt,
567 1870 613 1939 ut,
649 1884 689 1927 ex
722 1864 955 1929 munificencia
987 1868 1102 1928 nostra
1140 1864 1238 1949 regia,
1271 1864 1464 1947 hujusmodi

408 1973 553 2032 nostram
586 1964 756 2031 licentiam
791 1965 838 2029 eis
870 1966 1046 2031 concedere
1077 1966 1290 2053 dignaremur
1310 1967 1464 2052 gratiose,

410 2070 487 2143 Nos,
511 2068 690 2154 praemissis
722 2067 946 2145 consideratis,
969 2088 1008 2132 ac
1030 2068 1134 2152 quieti
1158 2073 1192 2132 et
1224 2068 1464 2153 tranquillitati

407 2171 639 2257 praedictorum
678 2169 799 2233 Prioris
831 2174 866 2235 et
905 2168 1098 2234 Conventus
1128 2175 1229 2255 atque
1262 2169 1396 2254 Majoris
1428 2176 1466 2234 et

408 2274 512 2338 totius
561 2272 818 2337 communitatis
859 2270 1018 2336 Civitatis
1064 2272 1232 2357 praedictae
1278 2272 1463 2358 prospicere

407 2375 565 2450 volentes,
589 2394 701 2437 eorum
725 2372 1022 2457 supplicationibus
1052 2373 1279 2437 favorabiliter
1300 2374 1464 2448 inclinati,

408 2475 448 2539 de
471 2475 580 2561 gratia
603 2480 718 2540 nostra
732 2475 865 2563 speciali
886 2474 1113 2549 concessimus,
1127 2482 1164 2539 et
1185 2475 1354 2540 licentiam
1369 2475 1464 2540 dedi-

410 2599 490 2654 mus,
513 2598 552 2642 ac
575 2598 633 2661 per
658 2582 834 2662 praesentes
859 2577 1076 2653 concedimus,
1093 2582 1129 2641 et
1150 2577 1319 2642 licentiam
1334 2578 1462 2657 damus,

410 2700 467 2763 pro
490 2676 585 2743 nobis
609 2684 643 2742 et
676 2678 851 2743 heredibus
876 2678 1007 2754 nostris,
1030 2684 1195 2763 quantum
1225 2678 1261 2742 in
1284 2679 1380 2744 nobis
1402 2685 1463 2755 eet,

407 2779 536 2845 dilectis
560 2784 595 2843 et
627 2779 778 2844 fidelibus
812 2778 935 2844 nostris
969 2778 1135 2865 praedictis
1168 2801 1258 2846 nunc
1282 2779 1401 2865 Majori
1425 2786 1461 2845 et

409 2878 651 2948 Communitati
663 2880 829 2966 praedictae
842 2878 1001 2945 Civitatis
1014 2885 1138 2947 nostrae
1155 2878 1354 2960 Cantuariae,
1371 2880 1462 2968 quod

409 2983 472 3072 ipsi
496 2988 530 3048 et
565 3004 763 3050 successores
786 2983 838 3048 sui
870 2983 949 3048 dare
972 2983 1101 3069 possint
1122 2992 1157 3050 et
1179 2985 1354 3051 concedere
1378 3007 1461 3071 prae·

408 3085 506 3150 dictis
545 3083 648 3150 Priori
689 3089 723 3148 et
762 3082 952 3149 Conventui
992 3086 1158 3171 praedictae
1197 3086 1360 3163 Ecclesiae,
1398 3091 1461 3152 etc.

408 3187 600 3272 praedictam
633 3185 758 3271 peciam
792 3191 897 3263 terrae,
936 3207 1076 3264 murum,
1106 3193 1141 3251 et
1171 3193 1289 3264 tunes,
1311 3189 1390 3254 licet
1420 3187 1464 3254 de

407 3289 501 3354 nubis
516 3293 695 3354 teneantur
710 3287 746 3351 in
762 3267 889 3374 capit&
916 3288 1107 3354 habendum
1123 3295 1158 3354 et
1172 3291 1363 3368 tenendum,
1379 3297 1464 3372 ctu

407 3396 441 3454 et
465 3389 565 3455 etiam
599 3388 757 3496 pnflltlw?
776 3389 891 3466 Priori,
914 3395 973 3454 etc.
998 3391 1087 3474 quod
1118 3391 1181 3477 ipsi
1205 3397 1240 3456 et
1261 3413 1463 3458 successores

407 3491 458 3556 sui
490 3491 682 3576 praedictam
720 3487 847 3575 peciam
880 3495 984 3567 terrae,
1019 3513 1134 3569 muros,
1167 3499 1202 3558 et
1234 3499 1351 3571 turrea,
1387 3516 1464 3560 cum

407 3592 629 3680 pertinentiis,
650 3581 673 3658 a
696 3587 845 3678 praiatis
869 3593 1003 3678 Majore,
1026 3599 1086 3658 etc
1111 3595 1253 3682 recipere
1276 3597 1406 3682 possint
1427 3603 1464 3662 et

407 3701 528 3771 tenere,
544 3693 607 3758 sibi
623 3699 658 3846 ep
674 3668 913 3758 succ'essoribns
928 3693 996 3758 suis
1011 3695 1262 3782 imperpetuum.
1299 3697 1464 3765 Similiter

407 3785 576 3850 licentiam
594 3783 635 3847 de
659 3783 745 3847 imus
761 3789 796 3848 et
810 3785 1027 3848 concessimus
1043 3785 1227 3869 specialem,
1253 3786 1377 3871 ubsque
1401 3788 1465 3852 uli·

407 3905 472 3971 qua
487 3885 701 3970 inquisitione
724 3886 793 3949 sive
809 3885 975 3970 aliquibus
990 3885 1271 3972 inquisitionibus,
1293 3889 1372 3954 inde
1395 3889 1465 3954 vir-

407 3994 479 4053 tute
490 3987 599 4053 brevis
616 3987 720 4052 nostri
737 3986 777 4052 de
794 3985 842 4052 od
854 3987 944 4072 quod
959 3986 1162 4074 deotpertus,
1174 3990 1227 4054 vel
1242 3991 1340 4057 aliter
1351 3993 1464 4078 aliquo

409 4089 513 4166 modo,
536 4088 703 4174 capiendis
727 4109 784 4154 seu
810 4088 1026 4166 retomandis,
1048 4094 1082 4155 et
1104 4090 1227 4177 absque
1254 4092 1464 4179 impetitione

407 4189 654 4278 impedimento,
678 4189 917 4266 molestatione,
934 4211 993 4254 seu
1015 4191 1208 4278 gravamine
1230 4215 1464 4279 quorumcum-

407 4313 471 4379 que
486 4293 591 4357 nostri
607 4292 661 4356 vel
676 4289 834 4356 heredum
850 4296 1035 4357 nostrorum
1047 4293 1322 4372 Justieiariorum,
1332 4301 1392 4362 eta
1405 4317 1464 4362 seu

410 4395 636 4460 ministrorum
659 4399 857 4471 nostrorum,
880 4399 939 4458 etc.
964 4416 1253 4482 quorumcumque,
1277 4403 1407 4464 statuto
1422 4400 1465 4465 de

994 4605 1005 4637 ²
1016 4605 1072 4656 The
1083 4607 1375 4670 dimendom,&c.he1e
1385 4614 1465 4681 given

443 4687 451 4719 ι
462 4683 581 4754 PWH‘·
595 4681 648 4732 Ms,
962 4683 1142 4812 zopqlentical
1155 4687 1216 4737 sith
1233 4687 1307 4739 those
1320 4690 1346 4741 iu
1357 4691 1404 4744 the
1414 4693 1464 4744 last
