3350 5800
421 891 486 956 362
843 905 1027 956 messum.

417 1125 500 1164 arum
520 1113 551 1164 et
567 1107 745 1179 capellarum
764 1107 795 1163 in
813 1107 962 1180 predictis
980 1108 1067 1163 terris
1085 1107 1324 1172 constitutarum,
1335 1114 1367 1162 et
1384 1106 1473 1162 etiam

417 1191 549 1248 omnium
579 1191 703 1247 alierum
740 1191 931 1248 ecclesiarum
961 1197 992 1247 et
1021 1191 1203 1263 capellarum
1229 1210 1305 1264 qua,
1337 1197 1470 1262 tempore

417 1274 501 1332 istius
532 1274 722 1331 concessionis
752 1277 848 1340 fecte,
868 1275 907 1329 ad
935 1292 989 1330 nos
1018 1274 1050 1329 in
1077 1274 1230 1346 Hybernia
1259 1274 1470 1346 pertinebaut;

416 1358 493 1416 sicut
519 1360 635 1414 eosdem
663 1361 786 1426 lrnctns,
819 1363 989 1429 proventus,
1016 1357 1215 1424 obventiones,
1242 1365 1274 1414 et
1304 1358 1468 1414 oblationes

416 1443 604 1499 ecclesiarum
623 1450 653 1497 et
672 1442 852 1513 capellarum
869 1442 1078 1513 predictarum
1096 1441 1213 1512 plenius
1231 1447 1261 1496 et
1279 1440 1386 1497 melius
1405 1458 1470 1512 per-

415 1526 511 1598 cipere
537 1525 751 1590 consuevimus,
771 1543 824 1596 pro
852 1524 953 1581 decem
977 1525 1084 1580 marcis
1109 1527 1253 1580 bonorum
1278 1531 1309 1581 et
1326 1524 1469 1595 legalium

415 1610 634 1681 sterlingorum,
666 1609 813 1665 solvendis
848 1609 943 1673 nobis,
977 1608 1103 1680 singulis
1132 1608 1218 1664 annis
1247 1608 1467 1680 inperpetuum,

414 1699 467 1748 eut
493 1698 592 1748 nostro
618 1702 699 1748 certo
725 1691 844 1758 nuncio,
863 1692 901 1747 ad
918 1691 1113 1748 Nativitatem
1130 1689 1232 1746 Beatae
1249 1690 1362 1756 Mariae,
1388 1691 1468 1762 apud

415 1775 587 1831 Bathoniam
607 1775 637 1830 in
656 1775 833 1831 monasterio
858 1773 1031 1838 cathedrali,
1050 1773 1097 1829 vel
1115 1773 1317 1829 Thesaurariis
1335 1773 1469 1844 ejusdem

414 1858 584 1915 monasterii
608 1857 847 1915 commendandis
874 1857 992 1914 nomine
1019 1864 1129 1912 nostro.
1167 1858 1207 1912 Et
1232 1857 1349 1928 prelati
1366 1857 1468 1913 Abbas

413 1947 444 1998 et
471 1943 640 1999 Conventus
658 1942 702 1998 De
721 1942 800 1999 Vota
827 1942 1024 2006 sustinebunt,
1051 1958 1105 2011 pru
1129 1941 1223 2005 nobis,
1253 1940 1351 1995 omnia
1376 1942 1475 1997 onera'

413 2025 588 2098 episcopalia
618 2033 648 2082 et
677 2024 933 2091 archidiaconalia,
960 2031 991 2080 et
1020 2041 1203 2096 quacunque
1232 2023 1292 2077 alia
1316 2041 1381 2095 qua
1412 2042 1467 2094 pro

414 2115 545 2180 tempore
562 2109 674 2166 inerint
698 2109 887 2177 sustinenda;
905 2115 995 2180 prout
1017 2107 1193 2164 auctoritate
1219 2106 1415 2164 ecclesiastica
1431 2125 1468 2163 ea

412 2191 523 2264 imponi
541 2191 708 2265 contigerit.
746 2191 785 2247 Et
797 2198 924 2264 praetera
941 2195 1082 2247 tenentur
1093 2193 1189 2247 lacere
1206 2189 1355 2247 deservire
1374 2192 1467 2247 eccle·

412 2274 469 2330 sias
496 2285 672 2331 memoratas
697 2291 751 2345 per
776 2274 905 2346 ydoneas
933 2279 963 2328 et
986 2273 1124 2329 honmtas
1149 2290 1289 2344 personas
1315 2273 1465 2340 continue,

409 2357 495 2429 juxta
512 2358 603 2414 ritum
616 2357 685 2414 fidei
698 2356 882 2413 cmhtnne.
919 2357 959 2413 lat
976 2355 1185 2413 nichilominus
1198 2355 1377 2413 exhibebunt
1388 2375 1466 2412 ccm-

411 2447 546 2510 petenter
571 2441 709 2497 idoneum
734 2440 930 2512 capellanum,
950 2438 1002 2511 qui
1020 2439 1159 2495 continue
1175 2439 1335 2494 celebrabit
1352 2441 1467 2496 mamm

410 2523 602 2594 defaecarem
619 2523 651 2580 in
669 2523 782 2595 capella
799 2523 885 2579 Beati
897 2520 1049 2578 Brundeni
1065 2521 1146 2593 apud
1158 2523 1282 2578 Banewe
1301 2523 1466 2593 specialiter

411 2624 464 2678 pro
489 2607 581 2664 nobili
605 2607 754 2680 qnondam
779 2606 844 2662 viro
861 2607 988 2662 Herweo
1015 2605 1053 2661 de
1071 2606 1173 2662 Monte
1191 2604 1328 2660 Mauricii
1355 2611 1384 2660 st
1412 2624 1465 2677 pro

410 2689 475 2745 aliis
493 2689 700 2747 fundatoribus
719 2695 750 2745 et
768 2688 1004 2746 benefactoribus
1023 2687 1163 2744 Ecclesia
1182 2687 1294 2745 Christi
1311 2688 1465 2743 Gantnari·

410 2773 497 2829 cusu.
525 2774 600 2830 Jura
618 2791 688 2832 vero
707 2772 881 2844 spiritualia,
895 2777 926 2827 et
937 2777 1111 2842 personatus
1129 2769 1160 2825 in
1172 2770 1322 2842 predictis
1336 2772 1464 2827 ecclesiis

409 2874 497 2929 penes
522 2874 575 2914 nos
601 2863 632 2914 et
657 2873 837 2913 successores
862 2863 978 2912 nostros
1006 2861 1148 2927 perpetuo
1175 2854 1353 2911 residebunt
1389 2857 1466 2913 Gan·

406 2940 547 2997 cessimus
573 2941 662 2999 etiam
689 2940 799 2997 eisdem
818 2939 929 2995 Abbati
954 2945 985 2995 et
1004 2938 1172 2995 Conventui
1198 2940 1243 2994 De
1260 2939 1347 3004 Veto,
1367 2942 1467 2995 omnia

406 3024 534 3091 nomina,
552 3043 653 3082 omnes
671 3026 811 3091 actiones,
831 3041 932 3079 omnes
951 3023 1120 3094 petitiones,
1140 3030 1171 3079 ct
1189 3021 1289 3078 omnia
1307 3022 1381 3094 jura
1399 3042 1465 3096 quae

405 3125 458 3163 nos
476 3126 616 3181 nmquam
642 3106 830 3179 contigerunt
857 3105 889 3161 in
907 3105 1057 3176 predictis
1085 3106 1173 3162 terris
1191 3112 1223 3161 ct
1245 3106 1379 3177 prediis,
1397 3125 1466 3163 cum

406 3192 541 3248 omnibus
559 3190 619 3247 suis
647 3190 844 3262 pertiuentiis,
864 3196 900 3245 ιιι
927 3190 1049 3261 pacifice
1077 3195 1209 3255 teneant,
1232 3198 1263 3245 et
1281 3190 1373 3245 libere
1400 3208 1465 3260 pos-

406 3270 520 3329 sideant
547 3273 645 3329 omnia
671 3272 823 3344 predicta,
844 3271 922 3328 sicut
950 3272 1056 3329 melius
1074 3277 1104 3328 et
1129 3271 1246 3343 plenius
1265 3290 1300 3327 ea
1317 3271 1466 3329 munimus

406 3364 436 3414 et
460 3357 651 3429 possedimus,
672 3359 719 3413 vel
744 3374 779 3413 aa
806 3356 924 3428 plenius
949 3362 981 3413 et
1008 3356 1116 3412 melius
1140 3363 1242 3413 tenere
1260 3364 1290 3413 et
1316 3356 1465 3428 possidere

406 3440 570 3498 debuimus.
607 3442 647 3497 Γιι
673 3449 791 3513 utque
819 3440 979 3505 subtracta,
999 3440 1048 3495 rel
1073 3440 1181 3507 ablate,
1206 3440 1255 3496 vel
1280 3438 1391 3510 injuste
1416 3440 1466 3495 de·

406 3528 489 3580 tenta
514 3524 562 3579 vel
588 3530 738 3594 occupata,
758 3528 810 3577 eut
836 3522 982 3579 violenter
1008 3523 1111 3578 invasa
1135 3524 1257 3589 fuerint,
1286 3540 1354 3595 quaa
1381 3522 1465 3578 nobis

406 3622 441 3662 ex
459 3605 600 3677 predicta
618 3605 774 3663 donatione
789 3605 911 3661 Herwei
928 3604 1100 3671 debeantur,
1117 3611 1302 3676 recuperent,
1315 3611 1464 3672 revocent,

405 3696 437 3745 et
454 3689 619 3762 adquirant,
633 3695 664 3745 et
678 3688 747 3759 jure
765 3695 917 3760 perpetuo,
931 3688 1112 3753 inconcusse,
1127 3687 1302 3744 intemerata
1318 3688 1463 3754 libertate,

404 3775 503 3829 omnia
520 3773 662 3845 praedicte
679 3772 857 3845 possideant,
878 3773 963 3829 nulla
980 3773 1065 3828 nobis
1084 3771 1114 3827 in
1133 3772 1233 3845 aliquo
1253 3773 1464 3843 praedictorum

406 3858 570 3913 retentione
589 3863 747 3926 reservate,
761 3856 890 3927 exceptis
908 3856 1058 3927 predictis
1077 3856 1179 3911 decem
1197 3858 1305 3911 marcis
1323 3858 1465 3929 sterling·

404 3955 497 4005 orum,
529 3956 611 4012 quas,
644 3940 721 3997 sicut
750 3939 926 4011 predictum
956 3946 1010 4005 est,
1040 3956 1094 4010 pro
1124 3939 1272 3995 fructibus
1299 3948 1331 3996 et
1356 3942 1464 3997 obven-

404 4023 532 4079 tionibus
560 4022 770 4095 praedicterum
798 4022 989 4079 ecclesiarum
1020 4024 1175 4078 memorati
1202 4024 1302 4079 Abbas
1332 4030 1362 4079 et
1389 4024 1463 4079 Gon·

403 4113 513 4162 ventus
532 4106 576 4163 De
595 4108 671 4165 Vcto
695 4108 779 4164 nobis
805 4107 960 4162 annuatim
987 4107 1101 4162 solvere
1127 4112 1276 4173 tenentur,
1303 4114 1464 4164 utentem

403 4191 467 4246 hac
496 4198 597 4247 nostra
633 4190 762 4256 donatio,
793 4190 952 4256 concessio,
985 4195 1016 4245 et
1045 4190 1241 4257 confirmatio,
1274 4190 1460 4257 inconcussa,

403 4274 569 4331 indubitate
600 4282 630 4331 et
657 4282 800 4347 perpetue
833 4275 975 4331 firmitate
1000 4274 1131 4330 valitura
1158 4276 1368 4346 [permaneat]
1389 4294 1462 4347 prae·

401 4357 493 4414 sentis
512 4358 615 4427 scripti
626 4358 789 4427 patrocinio
806 4364 837 4413 et
854 4356 1054 4413 universitatis
1071 4362 1188 4422 vestre
1203 4358 1304 4428 sigillo
1322 4357 1462 4413 duximus

400 4440 572 4497 roboranda.
603 4440 723 4507 Actum,
743 4458 819 4496 anno
837 4442 956 4496 Domini
973 4441 1132 4497 Millesimo
1150 4440 1350 4498 ducentesimo
1369 4441 1464 4511 quad·

394 4525 547 4597 'ragesimo
575 4522 687 4596 quinto,
715 4540 814 4580 meuse
842 4523 935 4589 Junii,
967 4524 1016 4579 die
1050 4524 1220 4580 octabarum
1249 4525 1458 4581 translationis

402 4606 502 4663 Sancti
521 4605 667 4677 Aelphegi
685 4604 836 4677 quondam
855 4605 1077 4661 Oantuarieusis
1095 4605 1328 4677 Archiepiscopi.
