3350 5800
441 893 505 954 206
882 906 1015 953 annua

440 1193 636 1278 sumptione,
674 1214 709 1257 se
747 1215 853 1278 nuper
897 1192 1143 1281 congregandos
1180 1198 1215 1257 ct
1261 1191 1502 1257 coadunandos

265 1293 394 1358 ,ningen
441 1295 610 1372 duxerint,
633 1294 792 1359 adversus
816 1299 851 1360 et
872 1299 990 1360 contra
1011 1295 1109 1382 leges,
1132 1294 1365 1371 ordinationes,
1391 1297 1502 1376 atque

263 1363 379 1493 m?
378 1358 392 1408 f
442 1403 571 1462 statuta
594 1397 686 1486 regni
710 1398 824 1474 nostri,
848 1398 885 1461 in
907 1403 1095 1463 nostrorum
1118 1397 1293 1485 dignitatis
1328 1401 1362 1461 et
1383 1400 1501 1459 status

267 1489 417 1609 'hlffldi‘
442 1498 569 1586 regalis,
593 1504 628 1563 et
649 1499 783 1586 regalius
806 1503 936 1576 nostrae,
960 1504 1061 1584 atque
1090 1498 1209 1586 legum,
1233 1497 1499 1569 ordinationum,

264 1577 373 1678 ffilbe
442 1604 477 1664 et
513 1605 715 1666 statutorum
745 1601 980 1686 praedictorum
1010 1604 1237 1686 contemptum
1268 1598 1499 1673 manifestum,

263 1694 412 1810 ffiffaeffi
442 1723 556 1786 poeuas
588 1702 623 1766 in
647 1701 770 1767 eisdem
802 1702 941 1790 legibus,
966 1703 1239 1777 ordinationibus,
1262 1707 1362 1786 atque
1384 1705 1499 1764 statu·

264 1825 400 1875 andwith·
440 1803 485 1870 tis
507 1809 682 1870 contentas
705 1805 904 1870 incurrendo
916 1829 924 1885 ;
946 1826 1006 1870 nos
1022 1810 1142 1880 tamen,
1159 1805 1203 1869 ad
1225 1809 1348 1869 nostrae
1370 1801 1498 1867 mentis

263 1899 382 2012 ffi‘l·
439 1881 603 1972 intbitum
640 1913 674 1974 et
709 1907 1006 1973 considerationem
1044 1908 1245 1984 reducentes,
1277 1905 1365 1992 quod
1402 1905 1497 1970 inter

438 2005 512 2072 illas
535 2007 673 2096 fastigio
695 2029 769 2094 quae
792 2008 884 2096 regio
905 2009 1063 2073 convenit
1084 2014 1120 2073 et
1142 2013 1272 2093 oportet
1293 2007 1400 2072 inesse
1423 2005 1495 2069 vir-

436 2113 535 2187 tutes,
557 2109 651 2175 nulla
683 2111 789 2198 magis
823 2130 900 2174 eum
932 2109 1047 2176 deceat
1070 2131 1171 2194 quam
1202 2109 1387 2183 clementia,
1414 2127 1495 2191 quae

435 2211 590 2297 peccandi
623 2211 781 2298 pudorem
815 2211 1039 2296 subjectarum
1070 2212 1215 2298 plebium
1249 2210 1416 2275 mentibus
1439 2209 1494 2272 in-

432 2337 546 2403 gerere
578 2315 663 2381 solet
700 2321 734 2380 et
772 2315 901 2393 afferre,
935 2337 974 2381 ac
1011 2321 1147 2402 propter
1178 2315 1240 2380 hoc
1278 2312 1493 2379 attendentes

432 2417 520 2502 quod
544 2417 645 2483 talem
676 2418 832 2483 exhibere
855 2439 890 2482 se
921 2419 1078 2483 convenit
1101 2418 1287 2505 Principem
1310 2417 1380 2481 suis
1410 2415 1492 2479 sub-

430 2519 519 2597 ditis,
543 2520 675 2604 qualem
707 2519 772 2584 sibi
807 2542 878 2585 esse
911 2520 988 2584 vult
1028 2525 1063 2584 et
1096 2519 1266 2585 desiderat
1297 2539 1491 2604 supremum

430 2624 465 2685 et
487 2621 654 2686 excelsum
688 2620 870 2706 Principem
894 2620 1011 2698 Deum,
1035 2621 1102 2685 hiis
1125 2628 1160 2686 et
1181 2621 1255 2686 aliis
1277 2621 1392 2685 multis
1414 2641 1490 2705 per-

430 2721 528 2799 suasi,
552 2723 760 2809 promotique
784 2723 849 2809 piis
872 2723 1206 2800 considerationibus,
1223 2722 1264 2788 de
1278 2723 1489 2810 benignitate

428 2829 542 2889 nostra
576 2825 668 2913 regia
701 2845 740 2889 ac
762 2824 804 2888 dc
831 2825 942 2913 gratia
973 2829 1087 2890 nostra
1109 2825 1245 2912 speciali
1266 2825 1488 2913 indulgemus,

429 2932 464 2991 et
486 2927 693 3015 ignoscimus,
720 2927 1054 3012 perdonavimusque,
1076 2928 1271 3004 remisimus,
1299 2932 1334 2991 et
1356 2926 1488 2990 relaxa·

428 3028 547 3105 vimus,
569 3050 607 3093 ac
639 3048 699 3113 per
730 3034 909 3113 praesentes
944 3030 1175 3115 perdonamus,
1204 3028 1417 3103 remittimus,
1452 3032 1487 3091 et

427 3131 614 3195 relaxamus
637 3129 778 3216 praefato
801 3130 961 3207 Johanni,
982 3132 1166 3217 ceterisque
1196 3131 1350 3196 omnibus
1373 3150 1487 3194 secum

428 3237 467 3296 ut
501 3230 721 3317 praemittitur
752 3232 930 3309 associatis,
962 3234 1180 3321 congregatis,
1214 3238 1248 3297 et
1281 3232 1485 3308 coadunatis,

427 3356 465 3399 ac
488 3334 640 3400 omnibus
664 3334 738 3397 aliis
762 3334 809 3398 eis
832 3334 869 3398 in
891 3334 953 3399 hac
975 3340 1071 3421 parte
1093 3335 1383 3411 consentientibus,
1406 3356 1485 3399 con·

427 3436 622 3513 sulentibus,
660 3433 864 3512 faventibus,
896 3436 968 3501 sive
1005 3436 1263 3516 adhaerentibus,
1296 3442 1331 3501 et
1369 3457 1483 3501 eorum

426 3536 575 3621 quilibet,
626 3536 890 3622 quibuscumque
939 3537 1130 3602 nominibus
1177 3542 1376 3603 censeantur
1425 3557 1484 3601 seu

426 3661 538 3704 eorum
568 3640 689 3724 aliquis
720 3646 900 3715 censeatur,
928 3642 1120 3706 omnimoda
1147 3642 1298 3721 murdro,
1321 3642 1483 3705 insurrec-

425 3742 543 3821 tiones,
588 3742 803 3827 proditiones,
850 3741 1001 3820 felonios,
1044 3744 1284 3829 mesprisiones,
1331 3742 1482 3819 offensas,

330 3896 333 3903 .
424 3844 657 3929 impetitiones,
689 3844 982 3923 confederationes,
1004 3845 1273 3931 conspirationes,
1304 3845 1482 3909 interlocu-

422 3945 541 4025 tiones,
564 3947 778 4034 ignorantios,
813 3946 1043 4035 negligentias,
1068 3948 1340 4034 depraedationes,
1363 3948 1481 4033 spolia·

423 4048 541 4129 tiones,
564 4049 718 4128 roberias,
740 4054 964 4136 contemptus,
996 4054 1032 4113 et
1054 4049 1232 4116 malefacta
1253 4070 1480 4136 quaecumque,

422 4172 481 4235 per
497 4151 585 4237 ipsos
599 4172 659 4215 seu
681 4172 793 4217 eorum
809 4150 955 4235 aliquem
970 4150 1006 4215 in
1029 4150 1126 4216 dictis
1141 4152 1269 4217 illicitis
1291 4152 1482 4217 associacio·

421 4254 531 4332 nibus,
554 4254 878 4342 congregationibus,
901 4258 936 4319 et
959 4254 1256 4320 coadunationibus
1278 4254 1378 4333 iacta,
1392 4277 1481 4321 com-

421 4356 532 4434 missa,
564 4356 635 4421 sive
668 4360 875 4441 perpetrata,
909 4376 1037 4420 necnon
1072 4357 1203 4421 easdem
1236 4356 1480 4435 associationes,

420 4456 701 4545 congregationes,
725 4462 760 4521 et
790 4457 1055 4536 coadunationes
1081 4480 1120 4525 ac
1142 4460 1258 4524 omnia
1279 4466 1314 4524 et
1347 4459 1479 4545 singula

420 4558 551 4624 easdem
573 4558 812 4635 associationes,
847 4561 1124 4646 congregationes,
1155 4567 1190 4625 et
1223 4561 1478 4626 coadunationes

419 4661 702 4746 qualitercumque
742 4662 915 4748 tangentia
957 4662 1028 4727 sive
1062 4664 1312 4742 concernentia;
1349 4684 1476 4729 necnon

418 4762 623 4826 omnimodas
645 4782 759 4846 poenas
783 4768 817 4826 et
840 4762 1030 4847 punitiones
1055 4785 1136 4848 ques
1156 4786 1199 4829 ex
1221 4765 1283 4830 hac
1306 4786 1405 4830 causa
1427 4765 1475 4827 in-

417 4881 547 4927 currere
564 4863 732 4940 deberent,
747 4884 805 4927 seu
821 4884 934 4928 eorum
949 4864 1070 4949 aliquis
1086 4866 1252 4931 incurrere
1267 4866 1422 4944 deberet3
1440 4886 1476 4929 ac
