<?xml version="1.0" encoding="UTF-8"?>
<!DOCTYPE html PUBLIC "-//W3C//DTD XHTML 1.0 Transitional//EN"
    "http://www.w3.org/TR/xhtml1/DTD/xhtml1-transitional.dtd">
<html xmlns="http://www.w3.org/1999/xhtml" xml:lang="en" lang="en">
 <head>
  <title>
</title>
<meta http-equiv="Content-Type" content="text/html;charset=utf-8" />
  <meta name='ocr-system' content='tesseract 3.04.00' />
  <meta name='ocr-capabilities' content='ocr_page ocr_carea ocr_par ocr_line ocrx_word'/>
</head>
<body>
  <div class='ocr_page' id='page_1' title='image "./literaecantuari00shepgoog_0191.png"; bbox 0 0 3350 5800; ppageno 0'>
   <div class='ocr_carea' id='block_1_1' title="bbox 385 828 981 893">
    <p class='ocr_par' dir='ltr' id='par_1_1' title="bbox 385 828 981 893">
     <span class='ocr_line' id='line_1_1' title="bbox 385 828 981 893; baseline -0.002 -1"><span class='ocrx_word' id='word_1_1' title='bbox 385 828 449 893; x_wconf 83' lang='lat'><strong>120</strong></span> <span class='ocrx_word' id='word_1_2' title='bbox 848 842 981 891; x_wconf 76' lang='lat' dir='ltr'><strong>umen</strong></span> 
     </span>
    </p>
   </div>
   <div class='ocr_carea' id='block_1_2' title="bbox 428 1022 1446 1292">
    <p class='ocr_par' dir='ltr' id='par_1_2' title="bbox 428 1022 1446 1292">
     <span class='ocr_line' id='line_1_2' title="bbox 428 1022 1446 1114; baseline 0.006 -27"><span class='ocrx_word' id='word_1_3' title='bbox 428 1022 554 1091; x_wconf 75' lang='lat' dir='ltr'><strong>Boutu</strong></span> <span class='ocrx_word' id='word_1_4' title='bbox 601 1025 706 1091; x_wconf 88' lang='lat' dir='ltr'><strong>Item:</strong></span> <span class='ocrx_word' id='word_1_5' title='bbox 738 1027 828 1113; x_wconf 85' lang='lat' dir='ltr'><strong>epud</strong></span> <span class='ocrx_word' id='word_1_6' title='bbox 843 1027 942 1093; x_wconf 85' lang='lat' dir='ltr'><strong>Borle</strong></span> <span class='ocrx_word' id='word_1_7' title='bbox 957 1048 1063 1093; x_wconf 90' lang='lat' dir='ltr'><strong>unum</strong></span> <span class='ocrx_word' id='word_1_8' title='bbox 1079 1027 1305 1093; x_wconf 77' lang='lat' dir='ltr'><strong>molendinum</strong></span> <span class='ocrx_word' id='word_1_9' title='bbox 1321 1026 1446 1114; x_wconf 83' lang='lat' dir='ltr'><strong>saepius</strong></span> 
     </span>
     <span class='ocr_line' id='line_1_3' title="bbox 562 1127 1446 1292; baseline 0.001 -100"><span class='ocrx_word' id='word_1_10' title='bbox 562 1130 761 1292; x_wconf 53' lang='grc' dir='ltr'><strong>ἶὲξζαὲυω,</strong></span> <span class='ocrx_word' id='word_1_11' title='bbox 793 1149 868 1193; x_wconf 87' lang='lat' dir='ltr'><strong>eum</strong></span> <span class='ocrx_word' id='word_1_12' title='bbox 901 1128 998 1193; x_wconf 82' lang='lat' dir='ltr'><strong>novis</strong></span> <span class='ocrx_word' id='word_1_13' title='bbox 1031 1127 1212 1193; x_wconf 77' lang='lat' dir='ltr'><strong>molaribus</strong></span> <span class='ocrx_word' id='word_1_14' title='bbox 1244 1129 1366 1214; x_wconf 80' lang='lat' dir='ltr'><strong>emptis</strong></span> <span class='ocrx_word' id='word_1_15' title='bbox 1399 1128 1446 1193; x_wconf 81' lang='lat' dir='ltr'><strong>ed</strong></span> 
     </span>
    </p>
   </div>
   <div class='ocr_carea' id='block_1_3' title="bbox 433 1362 1444 1556">
    <p class='ocr_par' dir='ltr' id='par_1_3' title="bbox 433 1362 1444 1556">
     <span class='ocr_line' id='line_1_4' title="bbox 433 1362 1444 1455; baseline 0.007 -28"><span class='ocrx_word' id='word_1_16' title='bbox 433 1362 605 1429; x_wconf 69' lang='lat' dir='ltr'><strong>Lettino.</strong></span> <span class='ocrx_word' id='word_1_17' title='bbox 653 1366 760 1431; x_wconf 87' lang='lat' dir='ltr'><strong>Item:</strong></span> <span class='ocrx_word' id='word_1_18' title='bbox 790 1367 882 1453; x_wconf 78' lang='lat' dir='ltr'><strong>apud</strong></span> <span class='ocrx_word' id='word_1_19' title='bbox 905 1368 1049 1455; x_wconf 84' lang='lat' dir='ltr'><strong>Lellyng</strong></span> <span class='ocrx_word' id='word_1_20' title='bbox 1080 1390 1184 1433; x_wconf 91' lang='lat' dir='ltr'><strong>unum</strong></span> <span class='ocrx_word' id='word_1_21' title='bbox 1215 1368 1444 1435; x_wconf 79' lang='lat' dir='ltr'><strong>molendinum</strong></span> 
     </span>
     <span class='ocr_line' id='line_1_5' title="bbox 565 1470 1207 1556; baseline 0.009 -28"><span class='ocrx_word' id='word_1_22' title='bbox 565 1474 754 1552; x_wconf 75' lang='lat' dir='ltr'><strong>reparatum</strong></span> <span class='ocrx_word' id='word_1_23' title='bbox 782 1474 816 1534; x_wconf 92' lang='lat' dir='ltr'><strong>et</strong></span> <span class='ocrx_word' id='word_1_24' title='bbox 837 1470 879 1534; x_wconf 90' lang='lat' dir='ltr'><strong>de</strong></span> <span class='ocrx_word' id='word_1_25' title='bbox 901 1491 988 1536; x_wconf 91' lang='lat' dir='ltr'><strong>novo</strong></span> <span class='ocrx_word' id='word_1_26' title='bbox 1010 1476 1207 1556; x_wconf 80' lang='lat' dir='ltr'><strong>coopertum.</strong></span> 
     </span>
    </p>
   </div>
   <div class='ocr_carea' id='block_1_4' title="bbox 433 1602 1443 1792">
    <p class='ocr_par' dir='ltr' id='par_1_4' title="bbox 433 1602 1443 1792">
     <span class='ocr_line' id='line_1_6' title="bbox 433 1602 1443 1691; baseline 0.005 -26"><span class='ocrx_word' id='word_1_27' title='bbox 433 1602 648 1667; x_wconf 67' lang='lat' dir='ltr'><strong>Mutuum.</strong></span> <span class='ocrx_word' id='word_1_28' title='bbox 695 1604 801 1669; x_wconf 87' lang='lat' dir='ltr'><strong>Item:</strong></span> <span class='ocrx_word' id='word_1_29' title='bbox 834 1606 925 1690; x_wconf 77' lang='lat' dir='ltr'><strong>opud</strong></span> <span class='ocrx_word' id='word_1_30' title='bbox 951 1605 1152 1691; x_wconf 81' lang='lat' dir='ltr'><strong>Mungeham</strong></span> <span class='ocrx_word' id='word_1_31' title='bbox 1182 1628 1287 1671; x_wconf 92' lang='lat' dir='ltr'><strong>unum</strong></span> <span class='ocrx_word' id='word_1_32' title='bbox 1317 1606 1443 1671; x_wconf 92' lang='lat' dir='ltr'><strong>molen·</strong></span> 
     </span>
     <span class='ocr_line' id='line_1_7' title="bbox 566 1704 1074 1792; baseline 0.008 -23"><span class='ocrx_word' id='word_1_33' title='bbox 566 1704 682 1770; x_wconf 89' lang='lat' dir='ltr'><strong>diuum</strong></span> <span class='ocrx_word' id='word_1_34' title='bbox 705 1706 746 1771; x_wconf 88' lang='lat' dir='ltr'><strong>de</strong></span> <span class='ocrx_word' id='word_1_35' title='bbox 768 1728 857 1772; x_wconf 89' lang='lat' dir='ltr'><strong>novo</strong></span> <span class='ocrx_word' id='word_1_36' title='bbox 878 1713 1074 1792; x_wconf 75' lang='lat' dir='ltr'><strong>reparatum.</strong></span> 
     </span>
    </p>
   </div>
   <div class='ocr_carea' id='block_1_5' title="bbox 432 1844 1441 2031">
    <p class='ocr_par' dir='ltr' id='par_1_5' title="bbox 432 1844 1441 2031">
     <span class='ocr_line' id='line_1_8' title="bbox 432 1844 1441 1930; baseline 0 -21"><span class='ocrx_word' id='word_1_37' title='bbox 432 1844 660 1909; x_wconf 74' lang='lat' dir='ltr'><strong>Doxoommu</strong></span> <span class='ocrx_word' id='word_1_38' title='bbox 708 1845 815 1909; x_wconf 88' lang='lat' dir='ltr'><strong>Item:</strong></span> <span class='ocrx_word' id='word_1_39' title='bbox 849 1845 939 1930; x_wconf 79' lang='lat' dir='ltr'><strong>apud</strong></span> <span class='ocrx_word' id='word_1_40' title='bbox 975 1845 1181 1911; x_wconf 88' lang='lat' dir='ltr'><strong>Dooooumbe</strong></span> <span class='ocrx_word' id='word_1_41' title='bbox 1212 1868 1338 1911; x_wconf 89' lang='lat' dir='ltr'><strong>novum</strong></span> <span class='ocrx_word' id='word_1_42' title='bbox 1370 1868 1441 1910; x_wconf 92' lang='lat' dir='ltr'><strong>mo·</strong></span> 
     </span>
     <span class='ocr_line' id='line_1_9' title="bbox 565 1943 959 2031; baseline 0.003 -24"><span class='ocrx_word' id='word_1_43' title='bbox 565 1943 736 2009; x_wconf 88' lang='lat' dir='ltr'><strong>leudinum</strong></span> <span class='ocrx_word' id='word_1_44' title='bbox 760 1945 959 2031; x_wconf 77' lang='lat' dir='ltr'><strong>aquaticum.</strong></span> 
     </span>
    </p>
   </div>
   <div class='ocr_carea' id='block_1_6' title="bbox 625 2219 1252 2284">
    <p class='ocr_par' dir='ltr' id='par_1_6' title="bbox 625 2219 1252 2284">
     <span class='ocr_line' id='line_1_10' title="bbox 625 2219 1252 2284; baseline 0 0"><span class='ocrx_word' id='word_1_45' title='bbox 625 2219 893 2284; x_wconf 74' lang='lat' dir='ltr'><strong>Rnnmmonne</strong></span> <span class='ocrx_word' id='word_1_46' title='bbox 916 2235 955 2283; x_wconf 81' lang='lat' dir='ltr'><strong>m</strong></span> <span class='ocrx_word' id='word_1_47' title='bbox 979 2219 1252 2284; x_wconf 73' lang='lat' dir='ltr'><strong>Eonuosminm,</strong></span> 
     </span>
    </p>
   </div>
   <div class='ocr_carea' id='block_1_7' title="bbox 431 2403 1443 3295">
    <p class='ocr_par' dir='ltr' id='par_1_7' title="bbox 431 2403 1443 3295">
     <span class='ocr_line' id='line_1_11' title="bbox 431 2403 1442 2491; baseline -0.006 -18"><span class='ocrx_word' id='word_1_48' title='bbox 431 2407 613 2473; x_wconf 78' lang='lat' dir='ltr'><strong>Ruouonm</strong></span> <span class='ocrx_word' id='word_1_49' title='bbox 648 2424 694 2471; x_wconf 82' lang='lat' dir='ltr'><strong>nu</strong></span> <span class='ocrx_word' id='word_1_50' title='bbox 726 2406 962 2472; x_wconf 76' lang='lat' dir='ltr'><strong>Mouuxnnou.</strong></span> <span class='ocrx_word' id='word_1_51' title='bbox 1009 2407 1113 2471; x_wconf 85' lang='lat' dir='ltr'><strong>Item:</strong></span> <span class='ocrx_word' id='word_1_52' title='bbox 1145 2406 1236 2491; x_wconf 81' lang='lat' dir='ltr'><strong>apud</strong></span> <span class='ocrx_word' id='word_1_53' title='bbox 1267 2403 1442 2469; x_wconf 79' lang='lat' dir='ltr'><strong>rectoriam</strong></span> 
     </span>
     <span class='ocr_line' id='line_1_12' title="bbox 565 2506 1441 2594; baseline -0.003 -22"><span class='ocrx_word' id='word_1_54' title='bbox 565 2509 606 2573; x_wconf 84' lang='lat' dir='ltr'><strong>de</strong></span> <span class='ocrx_word' id='word_1_55' title='bbox 645 2508 829 2573; x_wconf 85' lang='lat' dir='ltr'><strong>Monketon</strong></span> <span class='ocrx_word' id='word_1_56' title='bbox 869 2508 1036 2594; x_wconf 78' lang='lat' dir='ltr'><strong>reparatio</strong></span> <span class='ocrx_word' id='word_1_57' title='bbox 1069 2508 1156 2573; x_wconf 77' lang='lat' dir='ltr'><strong>aulae</strong></span> <span class='ocrx_word' id='word_1_58' title='bbox 1194 2528 1270 2573; x_wconf 86' lang='lat' dir='ltr'><strong>oum</strong></span> <span class='ocrx_word' id='word_1_59' title='bbox 1303 2506 1441 2572; x_wconf 76' lang='lat' dir='ltr'><strong>cometis</strong></span> 
     </span>
     <span class='ocr_line' id='line_1_13' title="bbox 564 2609 1442 2694; baseline -0.005 -20"><span class='ocrx_word' id='word_1_60' title='bbox 564 2609 688 2674; x_wconf 85' lang='lat' dir='ltr'><strong>ibidem</strong></span> <span class='ocrx_word' id='word_1_61' title='bbox 728 2615 763 2673; x_wconf 89' lang='lat' dir='ltr'><strong>et</strong></span> <span class='ocrx_word' id='word_1_62' title='bbox 801 2610 953 2694; x_wconf 80' lang='lat' dir='ltr'><strong>coquina,</strong></span> <span class='ocrx_word' id='word_1_63' title='bbox 984 2618 1020 2673; x_wconf 90' lang='lat' dir='ltr'><strong>et</strong></span> <span class='ocrx_word' id='word_1_64' title='bbox 1057 2609 1210 2675; x_wconf 78' lang='lat' dir='ltr'><strong>clausura</strong></span> <span class='ocrx_word' id='word_1_65' title='bbox 1246 2629 1323 2673; x_wconf 89' lang='lat' dir='ltr'><strong>oum</strong></span> <span class='ocrx_word' id='word_1_66' title='bbox 1353 2626 1442 2671; x_wconf 86' lang='lat' dir='ltr'><strong>novo</strong></span> 
     </span>
     <span class='ocr_line' id='line_1_14' title="bbox 566 2706 1443 2796; baseline -0.005 -21"><span class='ocrx_word' id='word_1_67' title='bbox 566 2711 652 2776; x_wconf 82' lang='lat' dir='ltr'><strong>orrio</strong></span> <span class='ocrx_word' id='word_1_68' title='bbox 676 2713 710 2775; x_wconf 86' lang='lat' dir='ltr'><strong>et</strong></span> <span class='ocrx_word' id='word_1_69' title='bbox 743 2732 865 2796; x_wconf 72' lang='lat' dir='ltr'><strong>magno</strong></span> <span class='ocrx_word' id='word_1_70' title='bbox 895 2714 991 2795; x_wconf 86' lang='lat' dir='ltr'><strong>perte</strong></span> <span class='ocrx_word' id='word_1_71' title='bbox 1014 2710 1094 2775; x_wconf 91' lang='lat' dir='ltr'><strong>novi</strong></span> <span class='ocrx_word' id='word_1_72' title='bbox 1118 2709 1250 2775; x_wconf 75' lang='lat' dir='ltr'><strong>stabuli.</strong></span> <span class='ocrx_word' id='word_1_73' title='bbox 1307 2706 1443 2793; x_wconf 75' lang='lat' dir='ltr'>Capella</span> 
     </span>
     <span class='ocr_line' id='line_1_15' title="bbox 563 2810 1442 2898; baseline -0.006 -22"><span class='ocrx_word' id='word_1_74' title='bbox 563 2812 711 2898; x_wconf 79' lang='lat' dir='ltr'><strong>ejusdem</strong></span> <span class='ocrx_word' id='word_1_75' title='bbox 743 2811 783 2876; x_wconf 88' lang='lat' dir='ltr'><strong>de</strong></span> <span class='ocrx_word' id='word_1_76' title='bbox 815 2831 903 2875; x_wconf 91' lang='lat' dir='ltr'><strong>novo</strong></span> <span class='ocrx_word' id='word_1_77' title='bbox 938 2810 1087 2896; x_wconf 78' lang='lat' dir='ltr'><strong>tegulata</strong></span> <span class='ocrx_word' id='word_1_78' title='bbox 1120 2811 1236 2887; x_wconf 81' lang='lat' dir='ltr'><strong>celate,</strong></span> <span class='ocrx_word' id='word_1_79' title='bbox 1258 2829 1334 2875; x_wconf 85' lang='lat' dir='ltr'><strong>eum</strong></span> <span class='ocrx_word' id='word_1_80' title='bbox 1367 2829 1442 2872; x_wconf 78' lang='lat' dir='ltr'><strong>vee-</strong></span> 
     </span>
     <span class='ocr_line' id='line_1_16' title="bbox 564 2911 1441 2997; baseline -0.003 -19"><span class='ocrx_word' id='word_1_81' title='bbox 564 2913 664 2979; x_wconf 81' lang='lat' dir='ltr'><strong>tierio</strong></span> <span class='ocrx_word' id='word_1_82' title='bbox 686 2935 774 2979; x_wconf 89' lang='lat' dir='ltr'><strong>novo</strong></span> <span class='ocrx_word' id='word_1_83' title='bbox 805 2913 987 2997; x_wconf 82' lang='lat' dir='ltr'><strong>plumbato,</strong></span> <span class='ocrx_word' id='word_1_84' title='bbox 1009 2934 1098 2978; x_wconf 84' lang='lat' dir='ltr'><strong>nove</strong></span> <span class='ocrx_word' id='word_1_85' title='bbox 1131 2912 1208 2976; x_wconf 81' lang='lat' dir='ltr'><strong>uulu</strong></span> <span class='ocrx_word' id='word_1_86' title='bbox 1242 2911 1441 2997; x_wconf 84' lang='lat' dir='ltr'><strong>presbitero-</strong></span> 
     </span>
     <span class='ocr_line' id='line_1_17' title="bbox 565 3013 1441 3099; baseline -0.002 -21"><span class='ocrx_word' id='word_1_87' title='bbox 565 3036 646 3090; x_wconf 88' lang='lat' dir='ltr'><strong>1um,</strong></span> <span class='ocrx_word' id='word_1_88' title='bbox 685 3036 771 3081; x_wconf 84' lang='lat' dir='ltr'><strong>nove</strong></span> <span class='ocrx_word' id='word_1_89' title='bbox 818 3016 963 3099; x_wconf 82' lang='lat' dir='ltr'><strong>eoquine</strong></span> <span class='ocrx_word' id='word_1_90' title='bbox 1002 3014 1189 3091; x_wconf 87' lang='lat' dir='ltr'><strong>eorundem,</strong></span> <span class='ocrx_word' id='word_1_91' title='bbox 1229 3034 1319 3078; x_wconf 82' lang='lat' dir='ltr'><strong>nove</strong></span> <span class='ocrx_word' id='word_1_92' title='bbox 1362 3013 1441 3077; x_wconf 77' lang='lat' dir='ltr'><strong>aulo</strong></span> 
     </span>
     <span class='ocr_line' id='line_1_18' title="bbox 564 3113 1437 3202; baseline -0.005 -22"><span class='ocrx_word' id='word_1_93' title='bbox 564 3137 748 3202; x_wconf 86' lang='lat' dir='ltr'><strong>puerorum,</strong></span> <span class='ocrx_word' id='word_1_94' title='bbox 771 3136 847 3181; x_wconf 90' lang='lat' dir='ltr'><strong>oum</strong></span> <span class='ocrx_word' id='word_1_95' title='bbox 881 3115 956 3179; x_wconf 81' lang='lat' dir='ltr'><strong>aliie</strong></span> <span class='ocrx_word' id='word_1_96' title='bbox 990 3115 1183 3181; x_wconf 75' lang='lat' dir='ltr'><strong>necessariis</strong></span> <span class='ocrx_word' id='word_1_97' title='bbox 1217 3114 1261 3179; x_wconf 79' lang='lat' dir='ltr'><strong>ed</strong></span> <span class='ocrx_word' id='word_1_98' title='bbox 1285 3113 1437 3190; x_wconf 79' lang='lat' dir='ltr'><strong>eandem,</strong></span> 
     </span>
     <span class='ocr_line' id='line_1_19' title="bbox 566 3217 1259 3295; baseline 0 -15"><span class='ocrx_word' id='word_1_99' title='bbox 566 3239 633 3282; x_wconf 86' lang='lat' dir='ltr'><strong>une</strong></span> <span class='ocrx_word' id='word_1_100' title='bbox 655 3239 731 3284; x_wconf 85' lang='lat' dir='ltr'><strong>oum</strong></span> <span class='ocrx_word' id='word_1_101' title='bbox 753 3217 911 3295; x_wconf 81' lang='lat' dir='ltr'><strong>eumerie;</strong></span> <span class='ocrx_word' id='word_1_102' title='bbox 933 3238 1059 3282; x_wconf 90' lang='lat' dir='ltr'><strong>novum</strong></span> <span class='ocrx_word' id='word_1_103' title='bbox 1082 3217 1259 3282; x_wconf 68' lang='lat' dir='ltr'><strong>stabulum.</strong></span> 
     </span>
    </p>
   </div>
   <div class='ocr_carea' id='block_1_8' title="bbox 432 3352 1440 3644">
    <p class='ocr_par' dir='ltr' id='par_1_8' title="bbox 432 3352 1440 3644">
     <span class='ocr_line' id='line_1_20' title="bbox 432 3352 1440 3440; baseline -0.003 -22"><span class='ocrx_word' id='word_1_104' title='bbox 432 3357 660 3421; x_wconf 71' lang='lat' dir='ltr'><strong>BluomNToN.</strong></span> <span class='ocrx_word' id='word_1_105' title='bbox 706 3355 813 3419; x_wconf 90' lang='lat' dir='ltr'><strong>Item:</strong></span> <span class='ocrx_word' id='word_1_106' title='bbox 836 3355 926 3440; x_wconf 78' lang='lat' dir='ltr'><strong>apud</strong></span> <span class='ocrx_word' id='word_1_107' title='bbox 942 3353 1137 3420; x_wconf 88' lang='lat' dir='ltr'><strong>Birohinton</strong></span> <span class='ocrx_word' id='word_1_108' title='bbox 1153 3357 1219 3419; x_wconf 90' lang='lat' dir='ltr'><strong>duo</strong></span> <span class='ocrx_word' id='word_1_109' title='bbox 1239 3375 1328 3418; x_wconf 86' lang='lat' dir='ltr'><strong>nove</strong></span> <span class='ocrx_word' id='word_1_110' title='bbox 1343 3352 1440 3428; x_wconf 73' lang='lat' dir='ltr'><strong>omia,</strong></span> 
     </span>
     <span class='ocr_line' id='line_1_21' title="bbox 564 3455 1439 3522; baseline 0 -2"><span class='ocrx_word' id='word_1_111' title='bbox 564 3462 598 3522; x_wconf 87' lang='lat' dir='ltr'><strong>et</strong></span> <span class='ocrx_word' id='word_1_112' title='bbox 635 3477 723 3521; x_wconf 85' lang='lat' dir='ltr'><strong>nova</strong></span> <span class='ocrx_word' id='word_1_113' title='bbox 767 3457 927 3522; x_wconf 83' lang='lat' dir='ltr'><strong>oteueure.</strong></span> <span class='ocrx_word' id='word_1_114' title='bbox 997 3455 1104 3521; x_wconf 76' lang='lat' dir='ltr'><strong>Itemt</strong></span> <span class='ocrx_word' id='word_1_115' title='bbox 1149 3477 1273 3520; x_wconf 87' lang='lat' dir='ltr'><strong>novum</strong></span> <span class='ocrx_word' id='word_1_116' title='bbox 1312 3460 1439 3520; x_wconf 79' lang='lat' dir='ltr'><strong>tectum</strong></span> 
     </span>
     <span class='ocr_line' id='line_1_22' title="bbox 564 3557 1438 3644; baseline -0.003 -20"><span class='ocrx_word' id='word_1_117' title='bbox 564 3558 700 3624; x_wconf 76' lang='lat' dir='ltr'><strong>cancelli</strong></span> <span class='ocrx_word' id='word_1_118' title='bbox 723 3579 798 3625; x_wconf 88' lang='lat' dir='ltr'><strong>oum</strong></span> <span class='ocrx_word' id='word_1_119' title='bbox 821 3559 976 3623; x_wconf 75' lang='lat' dir='ltr'><strong>fenestris</strong></span> <span class='ocrx_word' id='word_1_120' title='bbox 1000 3558 1148 3624; x_wconf 79' lang='lat' dir='ltr'><strong>vitrietie</strong></span> <span class='ocrx_word' id='word_1_121' title='bbox 1168 3557 1259 3644; x_wconf 78' lang='lat' dir='ltr'><strong>opud</strong></span> <span class='ocrx_word' id='word_1_122' title='bbox 1274 3557 1438 3623; x_wconf 89' lang='lat' dir='ltr'><strong>Mouuke-</strong></span> 
     </span>
    </p>
   </div>
   <div class='ocr_carea' id='block_1_9' title="bbox 565 3659 1440 3825">
    <p class='ocr_par' dir='ltr' id='par_1_9' title="bbox 565 3659 1440 3825">
     <span class='ocr_line' id='line_1_23' title="bbox 565 3659 1440 3824; baseline 0.001 -101"><span class='ocrx_word' id='word_1_123' title='bbox 565 3664 690 3824; x_wconf 36' lang='lat' dir='ltr'><strong>aenhet</strong></span> <span class='ocrx_word' id='word_1_124' title='bbox 724 3660 811 3724; x_wconf 87' lang='lat' dir='ltr'><strong>idem</strong></span> <span class='ocrx_word' id='word_1_125' title='bbox 835 3660 926 3746; x_wconf 78' lang='lat' dir='ltr'><strong>apud</strong></span> <span class='ocrx_word' id='word_1_126' title='bbox 948 3659 1156 3738; x_wconf 83' lang='lat' dir='ltr'><strong>Birehinton,</strong></span> <span class='ocrx_word' id='word_1_127' title='bbox 1179 3665 1216 3725; x_wconf 89' lang='lat' dir='ltr'><strong>et</strong></span> <span class='ocrx_word' id='word_1_128' title='bbox 1236 3660 1326 3726; x_wconf 89' lang='lat' dir='ltr'><strong>idem</strong></span> <span class='ocrx_word' id='word_1_129' title='bbox 1348 3659 1440 3745; x_wconf 81' lang='lat' dir='ltr'><strong>opud</strong></span> 
     </span>
     <span class='ocr_line' id='line_1_24' title="bbox 609 3781 677 3825; baseline 0.015 -1"><span class='ocrx_word' id='word_1_130' title='bbox 609 3781 627 3824; x_wconf 91' lang='lat' dir='ltr'><strong>o</strong></span> <span class='ocrx_word' id='word_1_131' title='bbox 652 3781 677 3825; x_wconf 90' lang='lat' dir='ltr'><strong>e.</strong></span> 
     </span>
    </p>
   </div>
   <div class='ocr_carea' id='block_1_10' title="bbox 432 3885 1346 3971">
    <p class='ocr_par' dir='ltr' id='par_1_10' title="bbox 432 3885 1346 3971">
     <span class='ocr_line' id='line_1_25' title="bbox 432 3885 1346 3971; baseline 0.001 -21"><span class='ocrx_word' id='word_1_132' title='bbox 432 3887 613 3950; x_wconf 71' lang='lat' dir='ltr'><strong>summu</strong></span> <span class='ocrx_word' id='word_1_133' title='bbox 661 3887 764 3951; x_wconf 85' lang='lat' dir='ltr'><strong>Item:</strong></span> <span class='ocrx_word' id='word_1_134' title='bbox 788 3885 877 3971; x_wconf 80' lang='lat' dir='ltr'><strong>apud</strong></span> <span class='ocrx_word' id='word_1_135' title='bbox 900 3885 1045 3950; x_wconf 84' lang='lat' dir='ltr'><strong>Seeeltre</strong></span> <span class='ocrx_word' id='word_1_136' title='bbox 1068 3906 1192 3950; x_wconf 86' lang='lat' dir='ltr'><strong>novum</strong></span> <span class='ocrx_word' id='word_1_137' title='bbox 1215 3888 1346 3952; x_wconf 88' lang='lat' dir='ltr'><strong>orrium.</strong></span> 
     </span>
    </p>
   </div>
   <div class='ocr_carea' id='block_1_11' title="bbox 332 4023 1439 4392">
    <p class='ocr_par' dir='ltr' id='par_1_11' title="bbox 332 4023 1439 4392">
     <span class='ocr_line' id='line_1_26' title="bbox 332 4023 1439 4113; baseline 0.007 -25"><span class='ocrx_word' id='word_1_138' title='bbox 332 4035 338 4046; x_wconf 87' lang='grc'><em>“</em></span> <span class='ocrx_word' id='word_1_139' title='bbox 433 4023 554 4090; x_wconf 71' lang='lat' dir='ltr'><strong>Esuui.</strong></span> <span class='ocrx_word' id='word_1_140' title='bbox 600 4024 708 4090; x_wconf 89' lang='lat' dir='ltr'><strong>Item:</strong></span> <span class='ocrx_word' id='word_1_141' title='bbox 740 4025 830 4113; x_wconf 80' lang='lat' dir='ltr'><strong>apud</strong></span> <span class='ocrx_word' id='word_1_142' title='bbox 855 4024 956 4110; x_wconf 82' lang='lat' dir='ltr'><strong>Eetry</strong></span> <span class='ocrx_word' id='word_1_143' title='bbox 979 4045 1067 4090; x_wconf 81' lang='lat' dir='ltr'><strong>nova</strong></span> <span class='ocrx_word' id='word_1_144' title='bbox 1089 4026 1232 4112; x_wconf 80' lang='lat' dir='ltr'><strong>ooquino</strong></span> <span class='ocrx_word' id='word_1_145' title='bbox 1252 4047 1328 4092; x_wconf 85' lang='lat' dir='ltr'><strong>eum</strong></span> <span class='ocrx_word' id='word_1_146' title='bbox 1351 4050 1439 4096; x_wconf 90' lang='lat' dir='ltr'><strong>novo</strong></span> 
     </span>
     <span class='ocr_line' id='line_1_27' title="bbox 565 4127 1438 4213; baseline 0.007 -23"><span class='ocrx_word' id='word_1_147' title='bbox 565 4131 652 4191; x_wconf 87' lang='lat' dir='ltr'><strong>teuto</strong></span> <span class='ocrx_word' id='word_1_148' title='bbox 667 4127 810 4205; x_wconf 76' lang='lat' dir='ltr'><strong>cancelii,</strong></span> <span class='ocrx_word' id='word_1_149' title='bbox 827 4127 922 4211; x_wconf 86' lang='lat' dir='ltr'><strong>eujus</strong></span> <span class='ocrx_word' id='word_1_150' title='bbox 945 4127 1139 4191; x_wconf 88' lang='lat' dir='ltr'><strong>meremium</strong></span> <span class='ocrx_word' id='word_1_151' title='bbox 1161 4149 1220 4213; x_wconf 88' lang='lat' dir='ltr'><strong>per</strong></span> <span class='ocrx_word' id='word_1_152' title='bbox 1235 4127 1438 4196; x_wconf 89' lang='lat' dir='ltr'><strong>Willelmum</strong></span> 
     </span>
     <span class='ocr_line' id='line_1_28' title="bbox 567 4225 1438 4315; baseline 0.005 -24"><span class='ocrx_word' id='word_1_153' title='bbox 567 4225 679 4303; x_wconf 79' lang='lat' dir='ltr'><strong>Chert,</strong></span> <span class='ocrx_word' id='word_1_154' title='bbox 701 4227 780 4292; x_wconf 88' lang='lat' dir='ltr'><strong>olim</strong></span> <span class='ocrx_word' id='word_1_155' title='bbox 804 4227 1089 4304; x_wconf 75' lang='lat' dir='ltr'><strong>Elemosinarium</strong></span> <span class='ocrx_word' id='word_1_156' title='bbox 1112 4249 1171 4313; x_wconf 89' lang='lat' dir='ltr'><strong>per</strong></span> <span class='ocrx_word' id='word_1_157' title='bbox 1192 4234 1292 4294; x_wconf 83' lang='lat' dir='ltr'><strong>antee</strong></span> <span class='ocrx_word' id='word_1_158' title='bbox 1321 4231 1438 4315; x_wconf 79' lang='lat' dir='ltr'><strong>adqui-</strong></span> 
     </span>
     <span class='ocr_line' id='line_1_29' title="bbox 565 4326 673 4392; baseline 0 0"><span class='ocrx_word' id='word_1_159' title='bbox 565 4326 673 4392; x_wconf 84' lang='lat' dir='ltr'><strong>eitum.</strong></span> 
     </span>
    </p>
   </div>
   <div class='ocr_carea' id='block_1_12' title="bbox 433 4465 1440 4656">
    <p class='ocr_par' dir='ltr' id='par_1_12' title="bbox 433 4465 1440 4656">
     <span class='ocr_line' id='line_1_30' title="bbox 433 4465 1440 4552; baseline 0.004 -22"><span class='ocrx_word' id='word_1_160' title='bbox 433 4467 640 4532; x_wconf 75' lang='lat' dir='ltr'><strong>Hosniuun.</strong></span> <span class='ocrx_word' id='word_1_161' title='bbox 687 4465 794 4530; x_wconf 90' lang='lat' dir='ltr'><strong>Item:</strong></span> <span class='ocrx_word' id='word_1_162' title='bbox 818 4465 999 4552; x_wconf 80' lang='lat' dir='ltr'><strong>hospitium</strong></span> <span class='ocrx_word' id='word_1_163' title='bbox 1030 4466 1066 4528; x_wconf 92' lang='lat' dir='ltr'><strong>in</strong></span> <span class='ocrx_word' id='word_1_164' title='bbox 1087 4465 1244 4550; x_wconf 82' lang='lat' dir='ltr'><strong>parochio</strong></span> <span class='ocrx_word' id='word_1_165' title='bbox 1266 4466 1307 4531; x_wconf 88' lang='lat' dir='ltr'><strong>de</strong></span> <span class='ocrx_word' id='word_1_166' title='bbox 1331 4467 1440 4534; x_wconf 76' lang='lat' dir='ltr'><strong>West</strong></span> 
     </span>
     <span class='ocr_line' id='line_1_31' title="bbox 566 4566 1324 4656; baseline 0 -24"><span class='ocrx_word' id='word_1_167' title='bbox 566 4571 642 4656; x_wconf 82' lang='lat' dir='ltr'><strong>gete</strong></span> <span class='ocrx_word' id='word_1_168' title='bbox 667 4566 857 4634; x_wconf 75' lang='lat' dir='ltr'><strong>cantuarie</strong></span> <span class='ocrx_word' id='word_1_169' title='bbox 881 4567 1031 4634; x_wconf 78' lang='lat' dir='ltr'><strong>totaliter</strong></span> <span class='ocrx_word' id='word_1_170' title='bbox 1054 4571 1105 4634; x_wconf 82' lang='lat' dir='ltr'><strong>est</strong></span> <span class='ocrx_word' id='word_1_171' title='bbox 1128 4573 1324 4653; x_wconf 74' lang='lat' dir='ltr'><strong>reparatum.</strong></span> 
     </span>
    </p>
   </div>
   <div class='ocr_carea' id='block_1_13' title="bbox 0 0 1680 5798">
    <p class='ocr_par' dir='ltr' id='par_1_13' title="bbox 0 0 1680 5798">
     <span class='ocr_line' id='line_1_32' title="bbox 0 0 1680 5798; baseline 0 0"><span class='ocrx_word' id='word_1_172' title='bbox 0 0 1680 5798; x_wconf 95' lang='lat' dir='ltr'><strong> </strong></span> 
     </span>
    </p>
   </div>
  </div>
 </body>
</html>
