3350 5800
417 834 483 899 ata
849 849 1034 899 srrmrmx.

415 1056 473 1093 nou
493 1037 688 1109 prejudicans
706 1042 922 1097 successoribus
940 1042 1000 1097 suis
1018 1042 1067 1114 qui
1088 1048 1305 1098 sacramentnm
1327 1056 1395 1096 cum
1407 1056 1467 1112 pro·

415 1122 576 1179 sessiones
593 1124 806 1179 successoribus
824 1123 945 1179 Thomas
964 1126 1079 1195 exigere
1104 1123 1259 1179 voluerint.
1298 1124 1331 1179 Si
1350 1124 1464 1179 Archis-

414 1206 550 1277 piscopus
564 1205 765 1261 canturiensis
778 1205 869 1261 vitam
884 1207 1003 1271 finierit,
1018 1206 1212 1262 Eboraceusis
1224 1206 1466 1277 Archispiscopus

416 1289 627 1347 Dorcbcruiam
654 1290 762 1353 veniet,
790 1295 822 1345 et
848 1306 915 1345 enm
943 1292 993 1361 qui
1019 1292 1129 1347 electus
1157 1292 1247 1347 inerit
1273 1308 1341 1346 curu
1362 1290 1465 1345 ceteris

415 1372 545 1445 prefate
573 1370 704 1429 ecclesias
717 1372 869 1445 Episcopis
887 1378 921 1429 nt
933 1372 1093 1429 Primstem
1110 1373 1262 1445 proprium
1286 1373 1355 1445 jure
1373 1389 1466 1428 conse·

415 1456 518 1511 crabit.
555 1454 681 1525 Quodsi
700 1456 893 1511 Ebcrecensis
912 1454 1156 1527 Archiepisccpus
1183 1456 1299 1521 obierit,
1319 1456 1346 1511 is
1372 1455 1424 1527 qui
1440 1456 1466 1509 ei

415 1556 601 1595 successuras
626 1538 756 1611 eligitur,
784 1546 905 1611 accepto
932 1556 950 1593 a
977 1538 1057 1609 Rege
1088 1540 1355 1612 archiepiscopatus
1382 1538 1464 1605 dono,

417 1625 597 1691 Centuriam,
636 1624 684 1679 rel
722 1624 773 1679 ubi
813 1623 1000 1679 Centuriensi
1047 1624 1276 1695 Archiepiscopo
1313 1624 1464 1697 placuerit,

415 1709 544 1775 accedat,
571 1716 601 1765 et
637 1708 675 1765 ab
706 1708 772 1781 ipso
796 1708 1013 1766 ordinationem
1038 1708 1178 1763 canonico
1206 1726 1288 1765 more
1318 1708 1466 1779 suscipiat,

415 1794 493 1849 Huic
522 1793 724 1849 constitutioni
756 1798 966 1847 consenserunt
992 1796 1132 1864 praelatus
1161 1792 1232 1857 Rex,
1261 1796 1292 1847 et
1317 1792 1466 1863 Archiepi·

415 1877 495 1950 scopi
526 1876 707 1933 hnfiuncus
737 1876 956 1932 centuariensis
987 1882 1018 1931 et
1047 1875 1174 1931 Thomas
1208 1876 1407 1943 eboracensis,
1438 1882 1467 1930 et

414 1962 505 2017 ceteri
523 1961 574 2033 qui
593 1960 790 2017 interfuerunt
808 1960 956 2030 Episcopi.

452 2045 578 2115 Signum
594 2046 629 2115 ψ
646 2043 781 2099 unilelmi
798 2043 888 2113 regis.

657 2127 712 2199 Εἰς
729 2130 763 2199 ι(-
781 2144 854 2183 unm
874 2124 1028 2183 biatbildis
1047 2123 1169 2195 regium.

891 2210 926 2279 ψ
943 2210 1007 2281 Ego
1024 2208 1177 2265 Hubertns
1196 2206 1311 2264 Sancte
1330 2208 1465 2265 &mann

981 2292 1120 2349 Ecclesiae
1156 2292 1249 2348 lector
1285 2298 1315 2347 et
1357 2292 1464 2348 domini

982 2374 1144 2431 Alexandri
1163 2374 1251 2447 Papm
1269 2376 1385 2447 legatus
1402 2376 1465 2431 sub-

982 2474 1095 2531 scripsi.

449 2548 483 2617 ·1«
501 2545 566 2615 Ego
585 2541 766 2599 [andanem
784 2542 1005 2597 dorobernensis
1023 2540 1258 2613 archiepiscopus
1276 2540 1439 2612 subscripsi.

876 2626 910 2695 ι(-
929 2624 993 2695 Ego
1017 2624 1143 2679 Thomas
1169 2624 1350 2681 eboracensis
1374 2625 1464 2679 archi-

966 2708 1120 2780 episcopus
1138 2708 1273 2764 concedo.

449 2793 484 2862 -Ι-
501 2794 565 2865 ligo
582 2791 785 2849 uuslehelinue
803 2798 970 2847 nuentauus
989 2789 1141 2863 episcopus
1160 2791 1328 2863 subscripsi.

874 2876 909 2945 ·l·
928 2876 991 2947 Ego
1036 2876 1180 2947 remigius
1228 2875 1466 2934 dorcacestrensis

966 2961 1120 3032 episcopus
1138 2961 1309 3032 subscripsi.

876 3045 910 3114 ἦ·
929 3043 993 3114 Ego
1038 3045 1164 3100 erfastus
1199 3045 1382 3102 tetlcrteusis
1409 3044 1467 3118 epi·

964 3143 1068 3199 scopus
1087 3127 1257 3200 subscripsi.

449 3221 483 3290 -Ιι
501 3217 565 3288 ego
582 3216 738 3272 unlstenns
756 3211 962 3283 unigornensis
980 3212 1133 3283 episcopus
1152 3211 1321 3284 subscripsi.

559 3485 669 3542 2.-Ds
685 3499 776 3540 cauca
793 3483 919 3538 hucuca
938 3497 995 3539 sos
1014 3496 1163 3540 rourarns
1182 3481 1347 3538 Inruorrrs.

452 3616 622 3679 Venerabili
647 3618 679 3673 in
707 3616 826 3672 Christo
852 3616 929 3688 patri
959 3615 1085 3671 Domino
1103 3615 1137 3670 R.
1158 3614 1214 3670 Dei
1240 3617 1337 3686 gratia
1355 3617 1466 3672 Londo-

239 3689 394 3787 'gffim‘
417 3706 513 3762 niensi
535 3702 688 3775 Episcopo,
708 3699 857 3754 Henricns
884 3697 1074 3770 permissione
1099 3698 1201 3753 divina
1224 3699 1308 3753 Prior
1334 3699 1470 3754 Ecclesia

239 3792 339 3854 chamle
422 3789 531 3846 Christi
558 3781 787 3844 cantuariensis,
805 3781 991 3838 Venerabilis
1018 3781 1109 3852 patris
1136 3781 1255 3836 Domini
1273 3781 1395 3836 Roberti
1415 3782 1468 3852 Dei

239 3841 403 3942 minime
420 3872 518 3944 gratia
542 3867 763 3925 Oantuariensis
794 3865 1026 3936 Archiepiseopi‚
1057 3879 1111 3920 etc.
1143 3865 1258 3936 agentis
1288 3865 1320 3920 in
1349 3867 1469 3920 remotis

240 3945 390 4042 {ffliffiff
419 3955 556 4012 Vicerius
576 3948 740 4014 Generalis,
759 3949 884 4003 salutem
904 3965 971 4002 cnm
990 3947 1155 4003 reverentia
1180 3955 1211 4002 et
1237 3947 1347 4002 honore
1366 3948 1470 4003 debitis

238 4042 366 4089 orhnoon
420 4045 503 4096 tanto
520 4036 606 4108 patri.
643 4034 718 4091 Cum
736 4032 934 4088 intelleximus
959 4031 1154 4087 venerabilem
1180 4037 1294 4103 patrem
1313 4032 1470 4087 Dominum

237 4093 391 4190 iiiicfflir'
420 4119 680 4191 Arcbiepiscopnm
707 4117 917 4172 Eboracensern
947 4121 1045 4170 erecta
1074 4131 1166 4180 cruce,
1204 4115 1236 4170 in
1270 4114 1471 4186 prejudicium

240 4193 362 4296 ffifflf
421 4204 559 4261 Ecclesiae
577 4200 805 4265 Cautuarieusis,
824 4215 877 4270 per
901 4197 1052 4252 dioecesim
1070 4203 1199 4252 vostram
1218 4199 1421 4263 transiturum,
1441 4205 1471 4256 et

245 4293 382 4356 Yorttobo
422 4292 453 4346 in
480 4288 613 4361 proximo
638 4285 676 4340 ad
703 4284 861 4340 Civitatem
891 4281 1108 4338 [londoniarum
1133 4289 1307 4349 venturum
1327 4283 1419 4349 vobis,
1438 4301 1472 4341 ea

240 4345 380 4442 mulii
421 4391 479 4448 qun
513 4371 599 4426 decet
627 4369 802 4433 reverentia,
832 4367 1017 4438 iujungimus
1048 4371 1079 4421 et
1104 4365 1286 4430 mandemus,
1317 4371 1471 4438 qnatenus,

236 4447 378 4543 {iffiffff
420 4459 513 4531 ipsius
530 4456 689 4510 adventum
708 4451 833 4507 sollicite
852 4451 1045 4522 explorantes,
1059 4450 1154 4520 ipsum
1174 4449 1312 4504 canonice
1328 4452 1472 4506 moneatis

355 4526 373 4605 ‚⁰
419 4549 450 4598 et
473 4540 588 4595 moneri
614 4535 738 4600 iacietis,
758 4551 797 4588 ne
823 4533 1012 4606 quovismodo
1040 4549 1155 4588 crucem
1173 4550 1256 4587 suam
1275 4539 1402 4588 erectam
1421 4553 1472 4605 per

418 4627 568 4683 civitatem
599 4626 629 4676 et
658 4618 807 4675 dioeccaim
833 4616 1058 4682 Londouienses,
1086 4621 1138 4671 aut
1164 4617 1234 4671 alibi
1265 4619 1297 4671 in
1320 4617 1471 4688 provincis

418 4704 630 4768 Ocntuariensi,
651 4704 764 4758 deferre
781 4707 958 4773 praesumam
984 4701 1149 4756 inhibentes
1176 4700 1385 4756 nichilominus
1414 4702 1469 4757 dis·

416 4793 533 4848 trictius
552 4787 687 4844 omnibus
704 4803 757 4858 per
782 4801 855 4857 quos
874 4790 972 4840 erecta
989 4801 1075 4840 cruce
1099 4783 1224 4838 transire
1249 4785 1413 4856 contingat,
1432 4803 1469 4841 ue
