3350 5800
396 836 439 895 88
843 840 977 889 nmirum

396 1029 486 1117 lyng,
526 1036 561 1095 et
600 1029 739 1094 aliorum
788 1026 948 1093 Civitatis
993 1024 1346 1099 Strailessoundensis,
1383 1023 1456 1087 sivc

396 1118 579 1197 incolarum
603 1132 640 1194 in
663 1114 967 1203 cohabitandum,
993 1128 1237 1213 subsequenter
1252 1127 1288 1190 in
1314 1146 1454 1211 regnum

397 1232 536 1317 Angliae,
561 1231 597 1295 in
621 1230 764 1316 quadum
788 1229 868 1294 navi
893 1229 934 1293 de
958 1228 1083 1304 Solum,
1100 1228 1196 1313 cujus
1218 1232 1300 1291 tunc
1314 1224 1453 1311 quidem

399 1332 523 1397 Paulus
571 1330 746 1397 Stcnvoelt
792 1334 864 1394 erat
907 1330 1076 1417 magister,
1123 1330 1271 1405 inventa,
1316 1330 1454 1414 propter

398 1435 562 1500 notoriam
608 1431 812 1518 injusticiam
855 1454 914 1518 per
951 1433 1128 1518 praedictos
1168 1430 1381 1497 Proconsules
1418 1434 1454 1493 et

400 1536 567 1611 Consules,
599 1546 637 1599 ut
670 1534 873 1621 praedicitur,
909 1533 1041 1610 sectam,
1075 1535 1119 1599 sd
1153 1534 1334 1598 instantem
1369 1531 1453 1596 dicti

399 1638 563 1704 Iohannis
586 1636 744 1701 Brandon
766 1637 973 1721 peticionem,
989 1638 1142 1722 primum,
1153 1635 1240 1720 juris
1254 1644 1289 1699 ct
1307 1633 1454 1718 justiciae

399 1738 547 1817 ordine,¹
570 1740 708 1804 arestari
741 1738 993 1815 mandaverunt,
1026 1759 1065 1804 nc
1102 1737 1222 1802 deinde
1253 1735 1341 1800 bonu
1371 1736 1455 1820 ipsa,

400 1864 474 1927 quae
493 1837 643 1927 (ιιοιιιιίε2
658 1839 758 1904 naulo
775 1844 809 1904 ct
824 1840 985 1904 custumis
1001 1839 1100 1925 regiis
1116 1844 1151 1903 et
1173 1838 1248 1903 eliis
1264 1834 1455 1903 necessariis

401 1979 436 2045 in
475 1978 537 2044 hac
576 1984 672 2065 parte
718 1978 887 2062 expensis)
925 1978 969 2041 ad
1008 1998 1160 2042 summan
1200 1937 1259 2061 iiij,
1295 1976 1455 2040 librarum

401 2083 542 2148 duorum
588 2080 766 2145 solidorum
815 2086 850 2145 et
895 2081 998 2144 trium
1045 2081 1254 2145 denariorum
1311 2082 1454 2142 monetur

402 2182 544 2269 Angliae,
584 2184 755 2269 praemissa
791 2184 927 2269 publica
974 2183 1236 2259 sublestucione,
1275 2182 1455 2247 dumtaxat

402 2286 589 2361 valuerunt,
628 2285 767 2370 praefato
812 2284 960 2349 Johunni
998 2286 1034 2347 in
1073 2288 1202 2370 purtem
1247 2280 1456 2347 deductionis

401 2385 578 2452 solutionis
612 2406 749 2450 summae
775 2384 848 2470 viij⁴³
883 2407 1069 2450 marcarum
1103 2385 1348 2471 praedictarum,
1367 2381 1456 2467 juris

405 2489 520 2553 ordine
555 2492 695 2564 servato,
727 2488 928 2553 auctoritate
962 2488 1131 2572 praedicta,
1166 2488 1396 2571 assignarunt3
1418 2505 1458 2548 nc

403 2629 492 2714 ipsus
515 2586 574 2712 iiij
599 2626 701 2691 libres
736 2626 818 2691 duos
853 2625 977 2692 solidos
1009 2632 1043 2690 et
1076 2632 1144 2691 tres
1167 2627 1319 2691 denarios
1350 2624 1456 2689 eidem

402 2728 549 2794 Iohanni
605 2728 693 2793 trudi
740 2734 774 2792 et
819 2727 953 2794 liberari
999 2726 1155 2793 fecerunt
1221 2728 1323 2813 Sique
1346 2727 1457 2791 dictus

403 2827 572 2893 Johunnes
610 2827 767 2892 Brundon
812 2827 856 2892 ab
896 2828 986 2893 omni
1025 2828 1150 2914 injusta
1187 2830 1342 2916 capcione
1385 2828 1457 2890 sive

404 2931 596 2996 detensione
629 2931 802 3008 bonorum,
835 2934 876 2994 de
907 2931 1029 3017 quibus
1062 2931 1100 2994 in
1131 2930 1272 2997 articulo
1301 2930 1457 3016 praesenti

405 3037 612 3108 memoretur,
635 3052 765 3118 semper
786 3053 821 3098 se
844 3032 1015 3098 abstinuit

449 3135 543 3199 Item.
591 3133 642 3198 lc
667 3134 847 3220 septimum
869 3136 1046 3200 articulum
1071 3135 1279 3222 respondent,
1294 3138 1355 3200 etc.
1370 3135 1458 3198 sicut

405 3257 504 3322 supra
526 3235 569 3300 ad
594 3236 780 3321 proximum
805 3242 864 3301 est‘
879 3258 1079 3322 responsum,
1102 3238 1240 3304 mutetis
1263 3238 1329 3300 hiis
1352 3236 1457 3300 nomi·

404 3339 524 3416 nibus;
562 3337 728 3414 videlicet,
766 3338 891 3403 Paulus
929 3339 1103 3405 Stenvoelt
1136 3341 1173 3402 in
1209 3359 1330 3404 nomen
1369 3338 1460 3402 Petri

405 3439 603 3519 Freunken;
635 3461 673 3505 ac
700 3440 840 3506 Henrici
875 3441 1017 3521 Quekell
1039 3447 1073 3505 et
1105 3441 1288 3506 Hennanni
1328 3440 1459 3506 Comer-

407 3540 520 3626 lyng
510 3562 548 3604 ιιι
571 3540 706 3605 nomina
729 3540 885 3606 Nicholai
908 3542 1024 3628 nghe
1061 3549 1097 3608 et
1119 3542 1258 3633 Amaldi
1281 3540 1460 3615 Polemuu3

407 3715 446 3760 ac
471 3698 603 3758 mutate
626 3715 755 3758 summa
779 3653 826 3779 iiij
852 3695 930 3761 li
908 3718 931 3781 ι]
948 3695 1043 3760 sol.”
1021 3697 1057 3782 nj
1083 3696 1155 3760 den
1179 3701 1320 3760 monetes
1347 3695 1461 3782 Angli·

406 3816 496 3860 canae
518 3795 555 3859 in
578 3817 740 3862 summam
763 3817 819 3861 xx.
843 3796 1002 3861 librarum
1027 3797 1266 3883 sterlingorum

451 3895 546 3960 Item.
591 3897 646 3961 Acl
668 3918 793 3962 nonum
815 3898 994 3962 articulum
1010 3898 1134 3978 dicunt,
1159 3904 1228 3976 etc,
1251 3899 1340 3983 quod
1361 3897 1461 3982 speci·

406 3997 524 4062 ficetur
556 3999 652 4063 navis
675 3999 715 4062 de
754 4019 820 4083 qus
843 3999 1045 4064 Admirallus
1075 4001 1206 4087 Angliae
1228 4000 1354 4088 accepit
1376 4001 1463 4065 bona

405 4099 442 4163 in
467 4100 606 4165 articulo
629 4099 814 4185 descripts3
837 4108 872 4166 et
894 4123 1047 4187 congrus,
1064 4104 1168 4187 J'usts,
1190 4109 1226 4167 et
1254 4102 1463 4168 rationabilis

408 4224 506 4288 super
528 4203 643 4289 petitis
666 4205 724 4267 liet
747 4204 931 4269 satisfactio
954 4211 988 4269 et
1011 4207 1155 4270 emenda.

453 4303 550 4369 Item.
583 4303 637 4369 Ad
654 4303 817 4370 decimum
830 4307 1005 4372 articulum
1023 4307 1163 4385 discunt,
1173 4313 1233 4373 etc
1235 4309 1346 4394 quod
1355 4309 1462 4394 placet

408 4406 493 4471 bene
510 4406 598 4490 quod
621 4406 805 4492 producent
806 4431 846 4472 ur
868 4410 990 4476 litterae
1013 4411 1252 4476 testimoniales
1274 4412 1315 4475 de
1342 4411 1462 4496 quibus

408 4496 446 4559 in
474 4495 615 4562 articulo
645 4496 685 4560 fit
715 4499 903 4576 menci03c
905 4501 1162 4586 tconquerenti
1189 4500 1338 4566 celeriter
1366 4523 1462 4586 super

408 4596 525 4681 petitis
548 4595 607 4661 fiet
593 4595 772 4681 tjusticise
795 4599 1081 4685 complementum.

445 4810 574 4872 ¹crdiuec,
586 4813 643 4864 MS.
925 4819 932 4884 Ι
966 4819 1007 4882 ,3
1017 4819 1177 4881 columis.
