3350 5800
610 854 899 903 canrusrnnnsaa.
1237 844 1280 905 53
1382 928 1386 935 Ι

192 1008 266 1093 Ohr
300 1030 398 1097 [ord
435 1035 533 1104 have
562 1060 628 1123 you
658 1040 784 1123 alnays
817 1044 852 1103 in
883 1040 936 1104 his
968 1041 1095 1106 blessed
1124 1042 1276 1127 keeping.

190 1132 305 1198 Given
322 1136 448 1202 under·
467 1162 531 1205 our
546 1140 653 1227 signet
667 1148 703 1207 at
718 1142 776 1207 the
793 1144 908 1229 Priory
925 1144 965 1208 dc
983 1143 1030 1208 La
1046 1143 1159 1209 Laude

183 1681 446 1749 celebrandum
475 1685 510 1749 in
535 1686 623 1750 dicta
645 1685 784 1751 ecelesia
817 1687 998 1772 parochiali
1036 1690 1077 1753 de
1103 1691 1273 1781 Bockyng,

186 1806 306 1851 coram
352 1788 467 1853 altare
507 1788 621 1853 Sancti
661 1786 828 1861 Nieholai,
868 1810 910 1852 ex
948 1795 1043 1875 parte
1077 1792 1273 1878 Aquilonari

187 1887 297 1953 dictae
326 1891 492 1967 ecciesiae,
511 1890 612 1974 juxta
643 1890 786 1954 formam
820 1894 855 1954 et
891 1892 1133 1958 ordinacionem
1166 1918 1272 1962 meam

189 1990 228 2053 in
253 1990 327 2057 hoc
354 1992 493 2079 scripto,
516 1992 557 2055 de
580 1992 716 2057 licencia
739 1992 888 2057 omnium
913 2002 948 2057 et
970 1994 1175 2080 singulorum
1192 2022 1272 2085 quo·

189 2114 271 2157 rum
299 2094 452 2160 interest
475 2115 533 2159 scu
557 2093 715 2159 interesse
734 2093 857 2179 poterit
872 2094 909 2158 in
932 2094 996 2159 hac
1010 2103 1114 2183 parte,
1130 2100 1271 2167 interius

189 2218 366 2282 expresse
408 2197 616 2263 declaratam.
682 2196 727 2261 Et
759 2218 858 2282 super
891 2196 954 2263 hoc
992 2200 1100 2265 sciant
1122 2204 1270 2271 universi

191 2320 256 2380 per
282 2305 484 2385 presentes,
507 2321 560 2363 me
595 2298 722 2365 dictum
757 2298 947 2365 Johannem
979 2301 1087 2365 filiurn
1114 2302 1268 2371 ll'illelmi

191 2400 407 2480 Doreward,
430 2408 489 2467 etc.
525 2402 561 2465 in
595 2401 754 2465 honorem
789 2401 853 2466 Dei
878 2402 987 2466 Patris
1010 2403 1268 2491 Omnipotentis‚

193 2508 231 2567 ct
260 2504 480 2569 Beatissimae
513 2510 547 2568 et
579 2503 739 2569 Gloriosae
763 2503 914 2589 Virginis
937 2504 1063 2582 Mariae,
1086 2515 1121 2572 et
1151 2509 1265 2577 Sancti

196 2602 370 2693 Nicholei
395 2604 607 2681 Confessoris,
631 2610 667 2669 et
693 2604 826 2669 Sanctae
851 2605 1025 2671 Katerinae
1049 2608 1206 2695 Virginis,
1231 2620 1264 2678 et

196 2696 372 2771 Omnium
397 2707 591 2772 Sanctorum
617 2706 689 2784 Dei,
705 2711 739 2773 et
753 2729 813 2792 pro
828 2708 935 2772 saluto
958 2710 1078 2777 animae
1101 2712 1260 2779 Willelmi

195 2808 394 2875 Doreward
419 2809 522 2895 patris
544 2808 619 2887 mei,
642 2814 677 2873 et
699 2810 818 2874 animae
841 2808 1005 2876 Johannae
1029 2814 1145 2879 matris
1168 2838 1257 2896 meae,

198 2921 237 2976 et
264 2911 389 2976 animae
412 2910 575 2976 dohannis
599 2911 716 2976 Oliver
737 2911 896 2978 avunculi
919 2913 993 2991 mei,
1017 2921 1051 2979 et
1074 2938 1134 3002 pro
1157 2919 1264 2985 salute

198 3014 331 3080 animae
354 3015 419 3079 mei
452 3014 531 3080 dicti
556 3013 720 3080 Johannis
754 3013 814 3077 filii
842 3014 1010 3094 Willelmi,
1034 3025 1067 3082 ct
1092 3017 1264 3087 Katerinae.

200 3118 325 3182 rixeris
360 3139 449 3194 meaa,
474 3123 508 3180 et
543 3115 708 3182 Johannis
742 3115 804 3180 filii
839 3117 916 3194 mei,
940 3123 976 3182 et
999 3119 1162 3208 Philippae
1196 3123 1259 3189 Do-

198 3218 308 3284 rninae
341 3215 587 3294 Fitzwautere,¹
637 3222 671 3282 et
721 3218 871 3283 omnium
917 3218 1058 3285 aliorum
1108 3223 1261 3306 fratrum,

202 3343 369 3399 sororum,
407 3325 591 3407 parentum,
639 3320 896 3405 progenitorum,
935 3328 970 3386 et
1015 3321 1260 3393 benefactorum

203 3443 367 3501 meorum,
390 3428 425 3487 et
447 3421 594 3487 omnium
620 3419 769 3485 fidelium
793 3421 1037 3500 defunctorum,
1061 3425 1101 3489 de
1124 3425 1261 3496 licencia

204 3524 344 3588 Domini
390 3523 493 3587 nostri
540 3521 641 3607 Regis
686 3527 720 3586 et
751 3523 900 3586 omnium
932 3523 1073 3590 aliorum
1119 3549 1259 3613 quorum

202 3625 347 3692 interest
369 3647 424 3690 seu
450 3624 607 3688 interesse
624 3623 772 3708 potuerit
787 3623 822 3688 in
844 3621 907 3688 hac
922 3631 1016 3709 parte
1032 3628 1187 3713 primitus
1203 3633 1258 3696 ob·

204 3733 311 3802 tenta,
336 3727 498 3802 fundasse,
521 3725 697 3800 ordinasse,
720 3723 846 3801 fecisse,
869 3731 904 3788 et
926 3727 1133 3796 confirmasse
1157 3755 1257 3802 unam

207 3828 401 3894 Cantariam
425 3833 627 3914 perpetuam,
651 3826 692 3890 de
728 3846 795 3889 uno
817 3833 979 3912 perpetuo
1004 3828 1183 3917 Capeliano
1213 3839 1257 3903 cd

205 3931 436 3996 celebrandum
468 3929 503 3992 in
535 3929 625 3992 dicte
660 3926 795 3991 eeclesia
827 3928 1009 4012 parochiali
1032 3932 1074 3997 de
1097 3935 1255 4026 Bocking,

205 4054 313 4098 coram
337 4031 442 4097 altare
459 4030 573 4095 Sancti
591 4028 745 4095 Nicholai
769 4028 804 4091 in
822 4029 1017 4114 Aquilonari
1041 4043 1134 4120 parte
1157 4039 1255 4106 dictae

204 4133 356 4212 ecclesiae,
380 4134 467 4199 sient
503 4131 628 4198 lorma2
651 4130 752 4216 hujus
776 4131 891 4217 scripti
915 4132 979 4197 mei
1011 4145 1123 4221 aperte
1147 4140 1253 4207 decla.

203 4243 263 4301 rat.
309 4235 355 4300 Et
378 4237 520 4320 insuper,
538 4235 578 4298 de
602 4232 743 4298 licencia
757 4232 894 4296 Domini
918 4236 1023 4300 nostri
1040 4239 1140 4325 Regis
1156 4263 1253 4321 nunc,

203 4344 237 4403 et
259 4329 407 4404 omninm
431 4337 582 4413 oliorum,
599 4345 659 4400 etc.
677 4335 822 4410 obtenta,
842 4336 979 4414 dedisse,
1002 4343 1203 4421 concessisse,
1219 4356 1254 4411 et

202 4441 264 4507 hac
296 4441 450 4529 praesenti
484 4445 575 4506 carta
609 4461 682 4504 inea
714 4439 890 4503 indentata
927 4441 1098 4527 tripartita
1135 4450 1252 4512 confir-

235 4656 242 4687 ¹
260 4657 388 4722 Probably
399 4656 488 4706 widow
500 4655 529 4705 os
540 4655 644 4716 Walter,
656 4655 699 4704 the

201 4733 286 4801 aightlr
298 4735 367 4786 Lord
387 4734 416 4784 oi
425 4735 559 4795 Dnnmow,
571 4733 629 4783 who
641 4733 699 4783 died
781 4731 791 4764 ²
801 4733 1013 4798 juaeluscrmam,
1027 4737 1083 4785 MS.

199 4812 225 4862 in
239 4817 309 4866 laco.
432 4841 436 4844 ·
