3350 5800
370 800 434 861 los
810 814 944 863 urnam

229 1102 319 1166 (May)
368 1092 721 1157 sss-Sorrnclno
758 1094 939 1157 Jonnsms
975 1092 1165 1157 Rnrrouns
1203 1091 1420 1155 Psrssrrmu

195 1174 311 1335 83θῖ
633 1210 754 1259 usrrm
778 1210 901 1259 nosrsr
925 1210 972 1258 ns
995 1193 1151 1259 Hirron.

196 1402 266 1451 John
277 1400 316 1450 Re
316 1416 346 1464 y.
384 1353 585 1469 'Supplicat
608 1353 779 1419 humiliter
801 1361 837 1418 et
860 1353 980 1419 devote
1005 1360 1114 1419 vester
1137 1358 1322 1439 pauperet
1345 1373 1421 1417 con·

194 1468 305 1525 nolum
366 1460 481 1519 trnuus
516 1461 626 1521 orator
656 1456 828 1521 Johannes
852 1455 1029 1539 Rcynolds,
1053 1457 1094 1520 de
1129 1454 1276 1520 dominio
1310 1459 1422 1518 vestro

194 1536 324 1650 ξξξξξω
365 1556 406 1621 de
430 1556 566 1633 Halton,
592 1563 710 1635 vester,
734 1563 774 1622 ut
808 1558 991 1634 dicebatur,
1015 1557 1183 1642 quondam
1216 1555 1354 1621 nativus
1381 1555 1422 1618 de

194 1665 323 1717 manorof
366 1658 512 1722 dominio
528 1664 638 1723 vestro
654 1659 695 1723 de
712 1658 841 1723 Halton
864 1659 1024 1743 praedicta
1049 1656 1214 1745 quomodo
1231 1655 1290 1721 Ste
1315 1656 1422 1721 banus

195 1734 320 1862 {fflffip
367 1759 574 1845 Mongeham,
598 1760 818 1846 praedecessor
842 1766 961 1837 vester,
986 1710 1033 1825 in,
1071 1760 1224 1825 raesentia
1245 1678 1318 1825 tadi
1341 1757 1421 1821 libe-

194 1868 250 1916 who
261 1866 309 1915 uss
365 1883 478 1927 rorum
500 1883 599 1947 quam
615 1864 806 1929 nativorum
826 1864 1014 1928 tenentium
1031 1781 1167 1927 sidorum
1184 1862 1271 1926 dom'
1300 1862 1320 1876 '⁹
1397 1884 1405 1907 ¹

194 1934 292 2064 ζέξεζ,
366 1964 456 2043 dicti,
471 1964 629 2050 praedicto
652 1964 854 2051 supplicanti
877 1986 1028 2031 exercere
1051 1964 1180 2031 scholas
1211 1984 1249 2028 ec
1262 1884 1421 2028 ldidiiiearir

196 2067 303 2182 griffi
365 2066 508 2152 recipere
539 2068 775 2133 sacerdotalem
814 2068 983 2133 licentiam
1008 2066 1110 2131 libere
1142 2066 1321 2132 concessit·
1356 2085 1423 2150 qua

194 2148 298 2275 11oe„ss
314 2146 330 2179 ⁸
366 2168 500 2253 quidem
523 2168 663 2235 licencia
676 2170 724 2235 sic
746 2191 900 2235 concessa
916 2170 982 2235 duo
998 2169 1149 2235 homines
1173 2189 1282 2234 coram
1298 2116 1422 2253 liegis-

195 2264 334 2394 fffflzs
366 2277 418 2334 tro
453 2269 621 2337 Willelmo
656 2270 864 2357 Wythlesey,
898 2272 1133 2337 Cantuariensi
1172 2276 1252 2335 tunc
1286 2269 1423 2335 Archio-

196 2396 325 2447 Qffior
365 2374 507 2459 piscopo,
531 2374 588 2459 qui
623 2375 654 2439 ei
678 2374 808 2440 litteras
831 2374 1066 2439 dimissoriales
1099 2374 1143 2438 ad
1176 2393 1289 2437 omnes
1313 2392 1421 2436 sacros

195 2470 323 2646 ἓξὲξ·
365 2474 688 2643 ffiffffluwijffitt'·
712 2475 820 2560 jurati
844 2475 1000 2555 fuerunt3
1032 2498 1071 2541 ac
1094 2474 1205 2541 dictus
1230 2472 1421 2559 Stephanus

327 2610 343 2645 a
932 2578 960 2615 .,
1146 2578 1152 2591 .
1347 2577 1355 2591 .

197 2613 234 2673 l),
276 2611 319 2701 'g
367 2681 398 2745 ei
420 2576 1422 2768 promiitldniadciipidsniebabblilolinabrdencridbibnoisanddmsrdirbi

195 2792 347 2861 promissor
367 2784 550 2849 adventum
573 2786 637 2850 sub
659 2786 769 2870 sigillo
792 2785 961 2851 communi
985 2786 1102 2850 domus
1125 2784 1311 2871 praedictoe·
1343 2788 1422 2847 ante

197 2878 305 2980 mg„
368 2886 460 2971 cujus
476 2886 669 2964 adventurn,
685 2887 794 2953 dictus
811 2886 1002 2972 Stephanus
1026 2886 1088 2953 hoc
1110 2887 1219 2953 seculo
1243 2834 1421 2952 defirnctus

197 2999 311 3112 petza
367 2989 492 3065 extitit,
515 3011 582 3053 non
615 2994 728 3053 tamen
750 2988 910 3074 sepultus.
957 2989 1011 3053 Ad
1034 2990 1123 3076 quod
1158 2995 1290 3076 tempus
1313 2990 1423 3054 dictus

198 3079 297 3180 offici
305 3077 355 3112 ⁰¹¹⁹
368 3089 555 3175 supplicans
578 3089 748 3154 monacbis
764 3089 888 3154 ibidem
909 3089 950 3156 de
966 3091 1106 3155 materia
1121 3090 1280 3177 praedicta
1300 3089 1363 3154 teti
1388 3091 1414 3154 't

198 3195 296 3313 Prpgr's
368 3191 426 3276 qui
449 3193 479 3255 ei
506 3191 674 3267 dixerunt,
697 3189 785 3276 quod
809 3190 876 3255 illis
900 3191 982 3256 bene
1014 3192 1188 3256 constabat
1211 3193 1252 3256 de
1275 3113 1423 3256 mateiia

198 3279 216 3327 Ρ
259 3278 286 3312 θ
368 3293 493 3359 Tamen
516 3294 695 3380 praedictus
718 3293 891 3359 Johannes
915 3294 1086 3380 Rcynolds
1110 3295 1146 3358 in
1171 3317 1291 3361 masma
1323 3299 1422 3360 aecace

368 3398 521 3476 existens,
557 3397 702 3462 sanitate
742 3397 857 3461 votiva
894 3418 960 3460 non
1002 3395 1176 3482 perfruens
1221 3349 1258 3461 do
1290 3418 1422 3461 causam

366 3498 609 3564 reclamationis
634 3519 676 3562 ex
699 3519 798 3563 causa
820 3499 981 3584 praedicta
997 3505 1147 3564 metuens
1172 3442 1291 3563 irestrae
1313 3445 1425 3584 pater·

367 3602 470 3666 nitati
492 3599 665 3666 humililer
687 3598 875 3686 supplicat,l
899 3606 933 3664 et
956 3601 1084 3676 devote,
1101 3550 1267 3684 quatenus
1283 3601 1423 3688 praelato

368 3703 515 3768 Johanni
560 3704 709 3768 litteram
755 3703 1035 3778 manumissionis,
1083 3703 1186 3787 juxta
1231 3705 1422 3770 reverendae

368 3825 515 3890 personas
550 3810 668 3869 vestrae
702 3827 741 3869 ac
773 3805 968 3870 Conventus
1003 3804 1233 3870 discretionem
1279 3805 1424 3892 gratiose

368 3907 545 3972 concedere
591 3907 784 3992 dignemini,
830 3906 981 3972 caritatis
1028 3908 1167 3972 intuitu.
1230 3857 1423 3976 lieverende

369 4008 470 4074 michi
504 4008 654 4085 Domine,
683 4010 779 4074 vobis
802 4009 953 4096 supplico
988 4016 1153 4095 quatenus
1183 4031 1280 4075 aures
1304 4017 1423 4078 vestras

369 4111 505 4197 pietatis
528 4117 665 4175 eatenus
688 4112 789 4176 citius
824 4110 978 4197 precibus
1002 4112 1084 4176 meis
1108 4113 1197 4197 porri
1222 4135 1276 4178 ere
1309 4115 1341 4178 d'
1391 4138 1424 4180 e·

370 4213 461 4289 mini,
485 4213 693 4298 quoadtenus
716 4235 785 4296 ego,
802 4235 917 4278 servus
952 4219 1068 4290 vester,
1092 4214 1170 4280 licet
1198 4136 1424 4301 {dignubgnin

370 4314 475 4378 vestri
506 4313 686 4398 praesentia
723 4314 873 4379 steterim
912 4315 1142 4380 commensalis
1181 4270 1365 4401 quondam,
1388 4318 1424 4382 in

369 4415 525 4502 parocbia
549 4416 664 4481 Sancti
687 4415 857 4482 Dunstani
876 4418 978 4503 juxta
1000 4417 1132 4481 Turrim
1150 4418 1425 4498 Londonicnsem,

369 4524 404 4584 et
436 4539 511 4583 cum
542 4522 652 4582 vestro
688 4516 842 4584 oratore²
871 4518 1015 4584 Domino
1038 4519 1180 4584 Ricardo
1206 4519 1359 4606 Nauport
1389 4528 1425 4587 et

404 4722 581 4788 'supplicans
592 4720 651 4771 MS.
884 4719 890 4788 Ι
954 4723 1067 4773 'vatris
1078 4724 1231 4786 molaribus,
1243 4725 1298 4776 Ma.
