3350 5800
625 936 916 984 carruantnxsas.
1256 924 1297 983 ὀῖ

232 1127 451 1203 perseve1·et;
475 1143 536 1187 nee
558 1122 594 1187 in
629 1121 861 1207 praejudicium
892 1126 1057 1187 rectarum
1088 1122 1234 1188 ecclesiae
1257 1124 1298 1188 de

237 1221 403 1309 Bockyng
427 1224 542 1309 aliquo
565 1222 619 1287 die
652 1222 804 1298 celebret,
835 1222 893 1287 sed
915 1244 1030 1288 omnes
1051 1223 1240 1291 oblaciones
1262 1234 1297 1290 et

237 1324 462 1390 obveueiones
497 1325 681 1391 adraanus
713 1347 790 1390 suas
812 1324 1033 1391 deliberatas¹
1057 1325 1147 1391 dicto
1179 1329 1294 1393 rectori

238 1425 382 1491 fideliter
416 1426 583 1501 restituet,
605 1447 668 1491 nee
700 1426 736 1489 in
771 1426 885 1510 aliquo
915 1426 980 1489 sibi
1003 1426 1057 1491 vel
1089 1427 1233 1493 ecelesiae
1256 1428 1298 1494 de

238 1527 405 1614 Boclryng
438 1526 591 1593 fraudem
623 1528 734 1604 faciet,
757 1528 815 1593 sed
849 1528 962 1592 omnia
988 1528 1068 1612 jura
1099 1550 1160 1593 sua
1193 1530 1300 1596 solida

239 1630 461 1698 conservabit.
494 1630 619 1696 Ordine
637 1630 759 1715 itaque,
777 1629 868 1714 quod
884 1629 1086 1715 Capelianus
1097 1631 1197 1696 dictae
1213 1632 1299 1699 can-

240 1732 347 1809 tariae,
369 1733 432 1797 sub
454 1754 555 1818 poena
585 1731 787 1817 privationis
810 1732 910 1797 dictae
934 1730 1113 1808 Canariae,
1136 1733 1301 1809 tabernas,

240 1834 298 1899 vel
336 1834 403 1900 alia
434 1834 507 1900 loca
541 1840 694 1920 suspecta
726 1834 787 1899 ubi
822 1833 980 1899 scandala
1013 1834 1093 1899 oriri
1120 1836 1301 1921 potuerint,

240 1956 310 1999 non
333 1935 533 2019 frequentet,
553 1956 614 1999 neo
637 1935 757 1999 nimias
780 1934 1031 2000 familiaritates
1052 1956 1128 2001 eum
1152 1939 1302 2023 personis

241 2037 430 2103 inhonestis
462 2036 516 2103 vel
550 2036 712 2123 suspectis
734 2036 867 2113 habeat,
889 2058 953 2103 nee
975 2035 1152 2121 lats)civiia
1183 2041 1301 2127 volup·

242 2140 373 2205 tatibus
398 2139 448 2205 vel
482 2138 557 2205 aliis
580 2138 780 2216 insolenciis,
803 2139 839 2203 in
871 2138 993 2204 animae
1015 2160 1086 2204 suae
1113 2140 1301 2226 perniciem,

241 2240 357 2327 aliquo
395 2240 490 2306 modo
529 2240 693 2306 intendat.
755 2241 1016 2326 Reparacionem
1055 2243 1163 2307 mansi
1201 2243 1301 2309 dictio

243 2344 412 2409 (lentariae
435 2344 470 2408 in
494 2344 655 2421 omnibus,
680 2364 753 2408 cum
789 2343 952 2409 clausuris
974 2344 1065 2407 illius
1095 2346 1295 2425 necessariis,

243 2452 281 2510 et
304 2447 415 2511 omnia
447 2446 514 2511 alia
546 2468 646 2511 onera
685 2445 809 2512 dictam
833 2446 1017 2511 cantariam
1053 2449 1290 2514 concernencia

244 2548 389 2633 quilibet
412 2546 612 2634 Capelianus
634 2547 734 2613 dietae
756 2548 915 2612 cantaria
943 2556 1102 2633 agnoscet
1122 2550 1243 2615 amodo
1264 2558 1300 2616 et

244 2650 391 2731 subibit;
421 2650 533 2715 omnia
567 2650 671 2715 eciam
703 2655 901 2715 ornamenta
934 2650 1035 2715 diotre
1057 2653 1214 2718 eantafiae
1235 2654 1301 2719 col·

245 2752 325 2829 lata,
340 2757 374 2818 et
396 2752 611 2838 imposterum
634 2752 848 2828 eonferenda,
862 2751 1003 2817 honesto
1026 2752 1124 2819 modo
1145 2756 1302 2832 servabit,

246 2861 282 2920 et
305 2860 454 2941 patrou0,
477 2876 552 2920 euru
575 2853 619 2921 ad
642 2852 705 2920 hoc
740 2853 921 2940 requisitus
944 2852 1057 2930 fuerit,
1081 2855 1229 2941 plenarie
1250 2878 1302 2922 re·

246 2958 432 3044 spondebit
479 2957 544 3022 Pro
578 2956 699 3042 quibus
731 2955 888 3021 omnibns
921 2955 1163 3024 inviolabiliter
1193 2959 1303 3024 obser·

247 3059 376 3136 vandis‚
391 3059 468 3125 volo
491 3059 580 3144 quod
603 3057 746 3144 quilibet
763 3057 966 3144 Capellanua
981 3059 1018 3122 in
1040 3057 1132 3124 (licta
1152 3061 1305 3126 mutans

248 3162 484 3238 instituendus,
507 3183 617 3226 coram
641 3159 701 3225 loci
721 3159 913 3238 Ordinatio,
935 3161 972 3224 in
987 3161 1203 3227 institucione
1234 3185 1304 3240 sua,

242 3265 481 3350 juramentum
500 3263 667 3348 corporale
691 3262 790 3328 faciet
810 3262 900 3348 quod
919 3262 1019 3326 istam
1046 3263 1302 3344 ordinacionem,

249 3365 430 3432 seeundum
476 3364 617 3429 formam
656 3361 859 3450 praemissam
904 3361 1050 3428 fideliter
1093 3365 1304 3445 observabit,

248 3472 448 3554 potestatem
482 3475 592 3532 tamen
628 3471 663 3530 et
696 3466 931 3530 auctoritatem
963 3466 1118 3552 augendi,
1142 3473 1178 3532 et
1207 3468 1304 3533 dimi-

248 3569 385 3650 nuendi,
408 3577 443 3635 et
476 3569 513 3633 in
545 3567 842 3654 competenciorem
873 3567 1015 3632 formam
1048 3568 1229 3658 redigendi,
1253 3577 1305 3636 to·

249 3673 339 3738 ciens
371 3671 527 3757 quociens
562 3669 718 3756 expedire
742 3669 922 3746 videbitur,
951 3669 1031 3734 dum
1056 3671 1170 3737 vixero
1201 3673 1302 3738 michi

249 3795 387 3839 reservo.
433 3771 476 3836 In
508 3772 603 3857 cujus
638 3771 685 3835 rei
719 3771 958 3848 testimonium,
991 3773 1050 3836 uni
1081 3776 1170 3860 parti
1203 3775 1304 3862 hujus

249 3881 347 3943 cartes
363 3876 541 3962 tripartitae
564 3873 761 3949 indentatae,
777 3893 877 3958 penes
900 3874 1098 3958 praedictum
1114 3877 1303 3944 Johannern

250 3978 485 4045 Barchsmsted
519 3976 739 4064 Capellanum
772 3981 807 4041 et
839 3997 1040 4043 successores
1074 4001 1151 4046 suos
1183 3983 1303 4068 imper·

250 4089 389 4168 potuum
419 4081 615 4156 remanenti,
638 4077 784 4165 sigillum
817 4099 928 4143 meum
958 4083 1118 4166 apposui3
1151 4084 1304 4150 secundae

251 4207 327 4250 vero
366 4185 464 4271 parti,
501 4205 601 4270 penes
639 4205 691 4247 me
736 4183 932 4268 praedictum
970 4184 1157 4252 Johannem
1196 4187 1304 4253 fllium

251 4285 409 4352 Willelmi
460 4285 594 4350 heredes
640 4285 711 4348 sive
749 4283 936 4369 assignatos
982 4307 1072 4351 meos
1111 4298 1306 4367 ternanentr,

251 4388 430 4474 praedietus
463 4387 633 4453 lohannes
665 4385 904 4451 Barohamsted
935 4386 1146 4473 capellanus,
1180 4413 1240 4478 pro
1271 4415 1306 4459 se

253 4496 287 4554 et
329 4489 572 4555 successoribus
616 4487 685 4552 suis
729 4488 987 4574 imperpetuum,
1021 4489 1168 4576 sigillum
1208 4515 1305 4558 suum

166 4642 170 4648 .
253 4591 429 4677 apposuit;
462 4591 564 4657 tercio
598 4611 676 4655 vero
719 4591 808 4676 parti
842 4589 944 4675 hujus
985 4597 1085 4658 cana
1127 4595 1306 4678 tripartitae

258 4755 528 4768 ——u-——u-
542 4759 549 4764 -
588 4759 601 4764 -
619 4757 749 4764 --——---
767 4757 839 4764 ---·
879 4759 886 4764 -

664 4843 669 4872 ¹
686 4841 874 4898 celebretlls.
