3350 5800
565 835 857 887 canrosamnsns.
1175 816 1240 884 177

176 1033 288 1097 totam
311 1036 481 1098 monetam
515 1036 619 1111 tuam,
643 1034 678 1097 in
701 1052 783 1097 auro
805 1053 864 1097 seu
886 1023 1026 1119 argerito
1056 1030 1238 1097 consisten·
1254 1012 1393 1129 {affl

178 1132 260 1207 tem,
283 1154 322 1198 aa
355 1155 408 1198 res
433 1134 515 1199 alies
539 1154 761 1221 quascunque,
785 1132 896 1209 libros,
918 1154 976 1197 seu
999 1130 1086 1197 bona
1108 1153 1237 1197 monas·
1253 1145 1409 1196 anhirown

180 1232 260 1297 terii
282 1236 389 1299 nostri
412 1258 513 1322 penes
528 1241 563 1301 te
586 1235 775 1312 existentia,
790 1256 849 1299 seu
865 1236 902 1298 in
924 1234 1075 1300 custodia
1097 1234 1237 1298 aliorum
1253 1212 1418 1328 ffioffi

182 1334 256 1399 sine
278 1338 479 1403 auctoritate
501 1342 616 1403 nostra
639 1336 797 1423 deposita,
821 1336 877 1401 vel
898 1336 999 1401 alicui
1022 1334 1177 1411 alienata,
1203 1334 1239 1398 in
1257 1344 1300 1395 the
1313 1356 1418 1391 monn·

183 1436 330 1502 erastino
368 1438 484 1504 Sancti
522 1438 619 1505 Lucae
666 1438 892 1526 Evangelistae
929 1436 1081 1523 proximo
1118 1436 1241 1511 futuro,
1257 1410 1386 1525 ffssffie

147 1540 153 1551 '
186 1538 276 1604 inira
307 1561 469 1606 cameram
504 1546 599 1607 taam
633 1542 670 1605 in
707 1545 821 1606 nostro
859 1538 1054 1604 dormitorio
1086 1538 1242 1614 existens,
1259 1541 1401 1592 immr-

187 1640 284 1705 nobis
321 1647 356 1709 et
392 1644 491 1708 certis
528 1644 678 1731 personis
715 1647 840 1710 nostrae
878 1640 1049 1728 religionis
1087 1662 1146 1727 per
1183 1661 1244 1705 nos
1258 1609 1420 1735 {Effinssy

188 1742 397 1830 assignandis
419 1744 638 1810 effectualiter
660 1745 786 1809 reveles
810 1748 845 1809 et
867 1742 1035 1819 exhibeas,
1058 1740 1121 1806 sub
1143 1762 1244 1827 paena
1260 1738 1376 1817 maipa

188 1846 539 1913 excommunicationis
572 1846 715 1932 majoris,
747 1866 847 1931 quana
877 1844 913 1908 in
945 1864 1118 1930 personam
1150 1849 1244 1908 tuam
1259 1813 1356 1937 {eff

188 1944 367 2012 fulminare
389 1947 594 2013 intendimus
617 1946 646 2012 si
679 1946 847 2013 mandatis
884 1946 1007 2012 nostris
1029 1964 1145 2031 parere
1177 1966 1246 2011 non

189 2050 362 2114 curaveris
383 2070 459 2116 oum
483 2050 610 2117 effecta

240 2339 581 2406 lon-Samiam
605 2356 693 2405 mm
715 2356 826 2407 sonna
849 2355 1026 2406 rannmsr
1048 2354 1202 2404 snnonr-
1291 2360 1395 2423 (raa.)

662 2458 776 2509 TIONE'
1264 2494 1299 2543 N.
1313 2496 1363 2542 ala
1372 2490 1396 2541 b.

239 2612 282 2677 In
305 2614 370 2678 Dei
393 2614 549 2681 nomine:
579 2616 697 2681 Amen.
745 2614 817 2681 Nos
840 2615 1012 2681 Johannes
1034 2614 1249 2681 miseratione
1265 2622 1427 2705 rheenprtt

194 2714 312 2781 divine
348 2716 451 2795 Prior,
487 2722 546 2784 etc
580 2723 615 2783 te
647 2717 807 2783 Fratrem·
822 2717 983 2783 Thomam
1015 2718 1130 2794 Asshe,
1162 2739 1249 2783 com·
1265 2690 1410 2807 ww

194 2818 396 2884 monachum
420 2825 583 2898 nostrum,
606 2819 777 2885 mandatis
799 2827 834 2885 et
865 2819 1105 2885 monitionibus
1127 2818 1250 2883 nostris
1266 2794 1364 2886 navi’ng

196 2921 298 2986 licitis
322 2935 356 2986 et
389 2923 563 3000 canonicis,
586 2922 630 2988 ob
652 2923 887 2989 correctionem
919 2928 954 2988 et
986 2921 1250 2987 emendationem
1267 2890 1363 3006 fflss‘}
1372 2888 1428 3004 3¹3

195 3023 316 3088 animae
339 3029 408 3090 tuae
422 3046 482 3110 per
504 3045 564 3090 nos
588 3024 650 3090 tibi
665 3024 771 3101 fectis,
786 3047 854 3090 non
877 3024 1168 3110 obtemperantem,
1193 3023 1250 3087 sed
1266 3021 1392 3081 hittonis

195 3125 330 3210 penitus
367 3127 646 3192 contradicentem
685 3131 720 3192 et
757 3126 950 3202 luctantem,
987 3133 1124 3212 propter
1157 3129 1250 3189 tuam
1267 3088 1406 3218 iffi&

196 3225 466 3304 inobedientiam,
513 3227 734 3306 rebellionem,
772 3229 899 3313 pariter
945 3243 979 3293 et
1016 3232 1251 3312 contemptum,
1268 3221 1378 3336 {³⁶⁰3

196 3329 520 3394 excommunicamus
556 3331 593 3394 in
624 3329 690 3394 hiis
721 3331 862 3417 scriptis,
894 3336 929 3396 et
960 3334 994 3393 te
1031 3351 1053 3393 a
1085 3327 1251 3393 communi
1267 3301 1430 3402 ffiofiho

196 3430 356 3494 societate
394 3431 535 3496 fratrum
567 3437 755 3496 nostrorum
792 3432 862 3498 fore
899 3431 1118 3517 separandum
1151 3429 1253 3494 etiam
1269 3418 1396 3469 mim·

197 3531 406 3598 decernimus
431 3533 466 3597 in
487 3533 552 3597 hiis
575 3533 714 3620 scriptis.

682 3895 778 3959 1023.

245 4157 293 4226 To
324 4157 384 4226 the
415 4157 508 4246 High
540 4163 606 4225 and
640 4158 814 4227 Excellent
844 4159 960 4226 Prince
984 4182 1045 4227 onr
1070 4183 1151 4247 very
1178 4161 1256 4227 dear-

203 4263 355 4350 Nephew
370 4263 407 4328 of
430 4261 591 4348 England‚
607 4261 743 4329 Chnrles
766 4262 885 4349 hythe
908 4286 1003 4351 grace
1018 4263 1056 4329 of
1074 4264 1147 4329 God
1163 4265 1257 4350 King

203 4365 240 4431 of
264 4367 401 4444 Franco,
425 4367 583 4452 greeting,
599 4365 665 4431 end
688 4366 808 4452 hearty
823 4367 978 4432 affection
1002 4368 1039 4432 in
1063 4366 1109 4431 all
1133 4367 1257 4452 things,

203 4468 269 4534 and
286 4467 410 4554 perfect
425 4468 563 4534 concord
579 4467 643 4533 and
660 4468 789 4534 mutual
805 4473 934 4533 esteem.
980 4469 1068 4534 Most
1081 4468 1174 4553 High
1190 4468 1256 4531 and

203 4570 378 4637 Excellent
403 4569 519 4636 Prince
546 4571 613 4636 and
638 4591 699 4635 our
723 4592 806 4656 very
832 4571 911 4636 dear
934 4570 1082 4657 nephevv,
1098 4567 1145 4654 by
1170 4589 1257 4654 your

203 4672 354 4760 gracious
377 4673 444 4738 and
468 4672 609 4738 amiable
633 4674 759 4754 letters,
786 4673 896 4738 which
921 4694 972 4738 we
995 4673 1081 4738 have
1107 4669 1255 4735 received

204 4774 289 4840 with
304 4779 410 4925 [preat
435 4775 583 4860 pleasure
612 4775 656 4862 by
671 4773 728 4840 the
755 4774 913 4844 handsof
932 4774 988 4841 Sir
1012 4772 1155 4838 Thomas
1181 4771 1257 4836 Hoc

365 4877 456 4927 casir.
1099 4889 1128 4938 ῃ
