3350 5800
441 910 481 973 16
891 925 1024 975 Ll'ruaaa

437 1111 472 1171 ct
502 1126 614 1171 eorum
649 1106 834 1191 dequibus
868 1107 982 1192 aliqua
1016 1108 1105 1173 bona
1137 1110 1255 1195 recepi,
1277 1111 1491 1197 omniumque

435 1206 584 1299 fidelium
617 1207 856 1285 defunctorum,
889 1208 1029 1295 singulis
1064 1209 1180 1274 diebus
1215 1212 1400 1277 matutinae
1438 1234 1489 1277 ae-

372 1377 377 1385 ,
436 1310 580 1374 cundum
604 1332 699 1374 usum
717 1310 845 1389 Sarum,
868 1332 907 1377 ac
929 1312 1063 1377 misaam
1086 1312 1122 1376 in
1145 1312 1281 1378 eeclesia
1303 1312 1344 1379 de
1360 1312 1487 1379 Brade·

434 1432 511 1497 gare
534 1412 713 1498 praedicta3
735 1434 774 1478 ac
796 1414 932 1498 insuper
956 1413 1146 1499 ubicunque
1168 1414 1320 1491 voluerit,
1342 1415 1488 1499 placebo,

434 1513 554 1600 diripe,
588 1536 626 1580 ac
659 1522 784 1601 septem
822 1515 943 1579 salmoe
980 1515 1215 1602 penitenciales
1254 1539 1329 1582 oum
1363 1517 1489 1583 letania

434 1616 544 1696 dicat;
583 1618 839 1703 matutinasque,
879 1640 1044 1704 vesperae,
1082 1641 1120 1684 ae
1158 1640 1315 1705 magnam
1353 1620 1487 1685 misaam

434 1718 604 1784 dominicis
642 1720 758 1784 diebus
806 1720 872 1807 [et]
918 1719 1128 1806 dupplicibus
1171 1725 1206 1786 et
1251 1722 1489 1807 principalibus

434 1819 577 1905 [festia],l
608 1821 836 1907 superpellicio
881 1842 940 1887 suo
974 1822 1123 1899 indutus,
1158 1824 1196 1887 in
1228 1823 1319 1889 dicta
1352 1823 1489 1890 eeclesia

432 1924 473 1987 de
512 1924 696 2008 Bradegare
734 1928 867 1989 cantare
906 1924 1085 2009 coadjuvet
1121 1925 1165 2007 (si
1205 1926 1348 1991 vicarius
1387 1926 1486 1991 dictae

433 2025 575 2091 ccclesiae
607 2024 796 2109 hujusmodi
819 2025 962 2090 servicia
985 2025 1101 2090 divina
1135 2027 1259 2091 ibidem
1282 2028 1484 2110 cantaverit)

432 2126 496 2191 nisi
527 2125 675 2212 legitime
709 2127 811 2191 fuerit
844 2127 1034 2212 impeditus.
1080 2127 1167 2192 Item
1190 2128 1268 2193 volo
1301 2134 1335 2193 et
1358 2130 1485 2207 ordino,

432 2228 579 2312 quodsi
614 2229 778 2314 reparatio
812 2228 985 2293 domorum
1008 2229 1090 2294 dicti
1125 2230 1255 2316 collegii
1283 2230 1354 2295 sive
1386 2230 1486 2297 dietae

431 2331 587 2395 canturire
619 2330 799 2409 immineat,
824 2351 862 2394 ac
884 2330 1018 2395 aliunde
1052 2352 1120 2395 uon
1142 2332 1262 2415 poterit
1292 2332 1484 2416 hujusmodi

304 2432 305 2435 ’
431 2432 618 2497 necessitati
656 2432 836 2516 providere,
866 2431 956 2516 quod
993 2436 1127 2507 extunc,
1159 2432 1247 2496 idem
1280 2430 1482 2517 Capellanus

430 2554 534 2598 unum
557 2533 711 2599 caprola
745 2555 930 2618 perunum
952 2554 1090 2612 annum,
1113 2533 1167 2597 vel
1191 2534 1274 2598 duos
1301 2534 1344 2597 ad
1367 2534 1482 2620 magis,

429 2635 591 2701 celebrare
623 2635 747 2721 poterit
781 2636 815 2697 in
852 2634 986 2700 ecelesia
1021 2635 1061 2700 de
1085 2630 1270 2721 Bradegare
1303 2636 1484 2720 praedicta3

428 2737 476 2802 sic
506 2742 618 2801 tamen
650 2736 738 2821 quod
770 2743 963 2822 perceptum
1001 2757 1061 2822 pro
1099 2735 1212 2803 labore
1249 2737 1481 2803 celebrationis

428 2837 599 2906 conculta
631 2838 781 2924 praedicti
805 2838 892 2905 circa
913 2838 1156 2924 reparationem
1178 2838 1343 2904 dictarum
1368 2840 1482 2906 domo·

427 2964 501 3006 rum
524 2941 667 3007 fideliter
689 2945 910 3007 convertatur.
966 2940 1054 3006 Item
1076 2941 1193 3007 ordino
1209 2942 1296 3027 quod
1312 2942 1401 3008 idem
1417 2943 1483 3008 Oa·

427 3043 575 3128 pullanus
597 3043 639 3108 de
661 3043 795 3108 dioecesi
820 3042 1065 3119 Oantuariensi,
1091 3043 1120 3106 si
1145 3041 1309 3108 sufficiens
1341 3045 1376 3107 in
1407 3045 1481 3130 ipsa

426 3147 560 3211 dioeoesi
594 3146 788 3232 reperiatur,
824 3165 893 3210 non
932 3145 1074 3209 viciosus
1113 3144 1327 3229 rixosua[ve]‚
1359 3152 1479 3221 caetus,

425 3247 561 3324 sobrius,
597 3247 737 3332 quietus,
770 3267 808 3311 ac
841 3245 905 3310 Dei
936 3245 1069 3320 amicus,
1105 3267 1164 3331 per
1196 3245 1343 3310 Scolares
1397 3247 1478 3311 dieti

424 3349 553 3434 collegii
602 3349 793 3413 nominetur
846 3347 883 3412 in
936 3347 1141 3432 magistrum,
1187 3352 1222 3412 et
1270 3347 1313 3411 ad
1371 3347 1479 3432 capel-

424 3450 547 3514 laniam
581 3449 678 3514 diotae
716 3448 873 3512 cantariae
898 3447 968 3511 sive
1003 3447 1132 3533 collegii
1164 3452 1383 3534 praesentetur
1415 3448 1478 3516 luci

423 3552 604 3627 diocesano
643 3548 878 3635 praeficiendus,
912 3548 1145 3624 instituendus,
1180 3553 1215 3614 et
1249 3550 1479 3614 investiendus

424 3675 483 3739 per
503 3652 664 3731 eundem3
687 3648 970 3737 subscriptisque²
1005 3650 1191 3716 Seolaribus
1223 3652 1388 3716 scribatur
1418 3674 1478 3738 per

424 3757 564 3821 eundem
580 3754 643 3820 loci
658 3755 891 3830 dioecesanum,
907 3759 947 3818 ut
962 3755 1104 3819 eundem
1119 3753 1345 3839 Capelianum,
1360 3755 1409 3820 aie
1424 3756 1476 3819 in-

423 3857 583 3922 stitutum
607 3861 640 3920 et
664 3855 847 3932 inductum,
870 3855 914 3919 ad
937 3855 1154 3940 capellaniam
1188 3855 1287 3921 dictae
1318 3857 1477 3922 cantoriae

422 3981 497 4025 cum
528 3959 597 4023 suis
632 3957 855 4044 pertinentiis,
876 3978 916 4023 ac
950 3957 986 4022 in
1011 3978 1108 4022 auum
1132 3957 1329 4044 Magistrum
1353 3959 1478 4024 admit-

422 4067 506 4138 tant,
530 4061 633 4146 eique,
656 4061 692 4123 in
716 4060 816 4126 licitis
851 4064 886 4124 et
916 4059 1083 4124 canonicis
1116 4059 1291 4137 mandatis,
1314 4062 1477 4146 quamdiu

422 4163 549 4228 fuerint
582 4161 729 4228 Scolaraa
761 4160 917 4226 cantoriae
951 4165 1147 4238 memoratae,
1180 4161 1303 4246 absque
1335 4163 1475 4248 inquisi-

421 4267 512 4330 tione
546 4285 604 4328 seu
638 4255 827 4328 inductione
861 4263 1010 4327 ulteriori
1048 4284 1147 4348 super
1184 4263 1249 4327 hiis
1287 4264 1475 4330 faciendis.³

422 4369 508 4434 Item
532 4368 608 4434 volo
630 4371 664 4432 et
687 4367 810 4442 ordino,
834 4366 924 4450 quod
947 4364 1147 4450 Capellanua
1170 4365 1361 4450 hujusmodi
1385 4367 1474 4433 infra

422 4471 609 4558 quindecim
634 4471 704 4534 dies
727 4492 748 4533 a
770 4476 918 4555 tempore
942 4469 1125 4534 vacationis
1148 4470 1246 4535 dictae
1276 4471 1475 4557 capellaniae,

424 4575 471 4639 sie
503 4579 544 4637 ut
578 4571 802 4655 praemittitur,
825 4571 1017 4635 nominetur
1051 4576 1085 4635 et
1114 4576 1340 4656 praesentetur.
1387 4573 1476 4638 Item

455 4788 462 4820 ι
474 4787 563 4851 sesua,
576 4785 693 4836 mats,
1000 4784 1138 4850 3ιιιιτοαιιε
1162 4801 1244 4837 seems
1266 4794 1293 4838 to
1315 4789 1348 4839 be
1372 4796 1475 4843 wanted

454 4867 464 4899 a
480 4866 590 4931 superq
966 4863 1035 4914 bere.
1436 4884 1439 4888 ⁴
