3350 5800
394 836 435 895 64
850 848 982 895 ursan

392 1021 543 1106 episcopi,
577 1026 637 1087 ete.
670 1040 737 1084 non
778 1019 928 1096 abolitas,
959 1041 1027 1085 non
1065 1021 1272 1095 cancellatae,
1309 1041 1369 1083 nec
1407 1018 1444 1080 in

391 1124 502 1207 aliqua
537 1145 597 1187 sua
631 1134 724 1208 parte
759 1124 897 1189 viciatus
935 1124 1150 1209 inspeximus,
1189 1130 1338 1189 tenorem
1385 1122 1444 1205 qui

392 1227 541 1310 sequitur
563 1224 790 1289 continentes:
814 1224 959 1289 “Simon
984 1227 1198 1310 permissione
1222 1224 1366 1299 divinc,”
1382 1229 1445 1287 etc.

392 1335 431 1392 ut
462 1350 560 1413 supra
583 1348 685 1411 usque
716 1326 783 1392 ibi:
808 1333 872 1392 “et
894 1334 1016 1393 nostrae
1048 1328 1303 1393 consecracionis
1326 1325 1444 1410 xiiij⁰.''

391 1429 462 1492 Nes
501 1450 578 1493 vero
618 1428 803 1513 hujusmodi
844 1429 1055 1494 donacionem
1097 1434 1131 1493 et
1174 1428 1443 1514 assignacionem,

391 1536 552 1615 quantum
577 1531 610 1593 in
635 1530 730 1595 nobis
754 1536 815 1607 est,
839 1530 1061 1617 approbantes
1084 1530 1126 1595 ad
1149 1532 1332 1595 cantariam
1356 1550 1440 1615 prae·

392 1634 512 1697 ‹lielam
537 1638 703 1719 perpetue,
720 1636 759 1696 ut
781 1633 1007 1719 praemittitur,
1024 1632 1283 1709 custodiendam,
1298 1644 1444 1695 nostram

392 1737 623 1801 auctoritatem
658 1740 693 1799 et
720 1756 917 1799 consensum
941 1741 1057 1800 tenore
1080 1736 1297 1822 praeseneium
1325 1736 1445 1819 imper·

392 1839 513 1917 timur;
531 1838 607 1920 jure
630 1842 663 1901 et
686 1836 852 1921 dignitate
876 1836 1030 1902 Eeclaiae
1053 1844 1176 1902 nostrae
1192 1834 1445 1902 Cantuariensis

392 1939 427 2003 in
450 1939 603 2003 omnibus
625 1959 752 2023 semper
774 1938 883 2002 salvis.
931 1937 971 2002 In
1003 1938 1099 2023 cujus
1132 1939 1180 2003 rei
1207 1936 1446 2010 testimonium,

393 2047 451 2104 etc.
512 2038 602 2103 Data
640 2038 674 2101 in
714 2038 871 2125 Capitulo
910 2044 1024 2104 nostro
1062 2039 1176 2123 xxij
1221 2038 1276 2103 die
1322 2037 1444 2101 mensis

397 2142 601 2227 Septembris
624 2142 705 2205 anni
728 2142 918 2225 supradicti.
1176 2148 1183 2161 ‘

223 2233 308 2351 ἓξὲξ·
440 2244 570 2308 Sanctus
609 2242 727 2306 Matris
766 2242 921 2309 Ecclesiae
963 2243 1042 2307 liliis
1076 2244 1241 2307 universis
1278 2243 1322 2307 ad
1363 2263 1446 2327 quos

225 2316 366 2430 Suasiry’s
395 2351 571 2432 praesentes
586 2344 707 2409 litterae
731 2345 951 2428 pervenerint,
968 2344 1084 2409 Simon
1100 2344 1314 2430 permissione
1330 2344 1447 2407 divina

222 2434 350 2549 ffiffof
396 2446 646 2514 Cantuariensis
672 2445 957 2531 Archiepiscopus,
981 2455 1053 2522 etc,
1075 2445 1217 2510 salutem
1241 2446 1277 2508 in
1300 2444 1445 2510 Domino

224 2565 360 2613 theabove
392 2550 633 2634 sempitemam.
681 2547 767 2627 Quia
791 2570 850 2633 per
872 2549 1110 2634 inspeccionem
1133 2546 1304 2631 cujusdam
1329 2553 1445 2632 paten-

225 2630 436 2747 (ζ’,ἱίζῗζῃοζμίε
473 2651 594 2716 litterae
625 2650 720 2715 bonae
752 2650 919 2715 memoriae
946 2650 1083 2715 Domini
1106 2650 1253 2715 Simonis
1288 2650 1329 2713 de
1352 2649 1445 2734 Islip,

223 2762 307 2841 nrch-
392 2776 496 2841 nuper
519 2754 767 2819 Cantuariensis
790 2752 1048 2839 Archiepiscopi,
1064 2753 1309 2838 praedecessoris
1331 2753 1446 2827 nostri,

225 2829 313 2960 ῗζῗῑῖξρ
393 2878 453 2922 suo
491 2854 598 2942 sigillo
636 2855 848 2942 consignatae,
887 2856 1106 2941 comperimus
1138 2855 1321 2931 evidenter,
1356 2855 1445 2940 qnod

393 2959 471 3044 ipse,
497 2981 538 3024 ex
562 2957 659 3023 certis
694 2958 809 3034 causis,
834 2979 933 3023 unam
967 2964 1163 3042 perpetuam
1195 2959 1378 3022 cantariam
1409 2957 1446 3020 in

394 3060 560 3146 Hospiteli
606 3066 719 3124 nostro
765 3059 854 3144 apud
893 3059 1057 3145 Estbregg
1089 3059 1124 3122 in
1164 3058 1363 3134 Oantuariae,
1401 3059 1446 3124 ad

393 3161 546 3226 honorem
580 3161 653 3238 Dei,
687 3161 860 3245 cultusque
893 3161 1001 3225 divini
1036 3161 1296 3248 [augmentum]
1319 3167 1354 3226 et
1385 3182 1445 3247 pro

391 3263 498 3327 salute
521 3263 706 3326 animarum
729 3260 938 3345 quorundam
962 3262 1212 3326 benefactorum
1235 3263 1340 3347 ipsius
1358 3261 1445 3324 Hos-

392 3363 503 3449 pitalis
542 3370 576 3427 et
612 3361 761 3426 omnium
798 3360 949 3426 fidelium
982 3361 1225 3433 defunctorum,
1259 3360 1379 3427 devote
1411 3368 1446 3426 et

391 3466 539 3550 legitime
577 3463 801 3540 ordinaverit;
840 3463 1000 3549 cujusque
1038 3465 1196 3529 cantoriae
1228 3465 1445 3541 sacerdotem,

392 3569 447 3651 qui
471 3568 575 3633 fuerit
598 3587 657 3653 pm
681 3573 837 3652 tempore.
862 3567 1036 3632 annuatim
1070 3567 1237 3654 percipere
1262 3568 1378 3643 voluit,
1402 3569 1444 3632 ad

392 3677 496 3735 certos
511 3669 598 3734 ¹anni
621 3669 781 3733 terminos
804 3669 841 3731 in
871 3669 1081 3734 ordinacione
1114 3669 1228 3733 eadem
1263 3691 1444 3754 expressos,

391 3774 431 3837 ‹le
466 3772 611 3838 Custode
650 3770 796 3855 ejusdem
837 3770 1022 3855 Hospitalis
1057 3771 1302 3857 imperpetuum
1334 3771 1444 3835 decem

391 3895 524 3950 marcas,
548 3895 590 3937 ex
614 3872 724 3936 valore
747 3873 964 3958 antiquarum
980 3882 1014 3936 et
1030 3892 1192 3936 novarum
1209 3873 1445 3958 possessionem

391 3977 496 4041 eidem
534 3974 700 4060 Hospitnli
756 3974 998 4060 adquisitorum
1046 3975 1223 4061 capiendas
1261 3980 1297 4040 et
1341 3977 1444 4041 eciam

392 4077 629 4165 persolvendas,
654 4082 752 4160 prout
776 4077 809 4141 in
825 4077 917 4142 dieta
932 4076 1154 4142 ordinacionis
1178 4077 1292 4142 littera
1313 4079 1445 4164 plenius

391 4187 600 4267 expressstur
612 4204 620 4258 ;
656 4179 856 4244 sacerdotem
892 4200 1022 4264 quoque
1057 4179 1161 4265 ipsius
1195 4180 1364 4258 cantariae,
1387 4203 1447 4266 per

391 4281 520 4348 litteras
543 4280 762 4347 ordinacionis
793 4281 970 4365 praedictae,
993 4281 1120 4345 artavit
1153 4282 1196 4344 ad
1229 4282 1445 4348 residenciam

392 4384 581 4448 continuam
614 4382 650 4444 in
682 4381 773 4446 dicta
795 4381 933 4446 civitate
967 4388 1027 4448 aut
1059 4382 1218 4448 suburbio
1250 4382 1445 4466 faciendam,

392 4486 442 4550 ita
456 4485 543 4569 quod
567 4505 601 4548 se
623 4482 666 4546 ab
689 4482 768 4568 ipsis
791 4482 1011 4547 eivitateaut
1033 4481 1193 4548 suburbio
1217 4505 1275 4569 per
1297 4485 1445 4569 spacium

392 4587 491 4650 unius
515 4586 579 4649 diei
610 4583 745 4648 minime
777 4583 977 4660 absentaret,
999 4584 1065 4648 nisi
1097 4584 1139 4649 de
1172 4585 1333 4650 Ouotodis
1364 4587 1446 4652 dicti

395 4687 578 4774 Hospitalis
615 4690 673 4748 arrt
703 4686 848 4749 tenentis
881 4684 991 4750 locum
1025 4685 1097 4768 ejus
1141 4685 1279 4752 licencia
1310 4690 1446 4773 speciali
