3350 5800
431 856 494 915 218
853 834 986 916 ursas

427 1046 628 1135 quaestionis.
675 1050 834 1127 Tandem,
868 1054 947 1135 post
983 1051 1109 1115 multas
1146 1054 1182 1114 et
1218 1050 1369 1114 diutinas
1406 1068 1485 1114 eon·

427 1154 606 1219 troversies
629 1156 663 1216 et
685 1152 761 1217 lites
789 1152 880 1237 inter
910 1152 1000 1238 ipsos
1023 1156 1195 1217 eteorum
1226 1151 1484 1237 predecessores

428 1256 602 1341 praedictos
626 1276 725 1341 super
747 1254 824 1331 hiis,
841 1252 956 1319 Simon
979 1258 1015 1319 et
1036 1253 1209 1319 Johannes
1231 1252 1483 1339 Archiepiseopi

426 1358 658 1423 controversiis
682 1363 716 1422 et
739 1357 855 1421 litibus
878 1356 1069 1441 hujusmodi
1102 1357 1203 1423 finem
1238 1357 1420 1442 imponere,
1443 1376 1482 1421 ac

426 1461 589 1527 scandalis
612 1466 647 1525 et
669 1459 823 1547 periculis
855 1480 930 1545 quae
953 1458 1073 1523 exinde
1096 1458 1324 1523 verisimiliter
1346 1458 1481 1522 evenire

426 1568 584 1648 poterunt
625 1562 759 1625 obviare
792 1560 983 1639 salubriter,
1004 1560 1145 1625 intentis
1177 1559 1352 1623 desideriis
1384 1558 1481 1624 affec·

427 1670 554 1743 tantcs3
576 1663 751 1751 quandem,
767 1684 868 1747 super
883 1662 1071 1748 prsemissis
1088 1661 1178 1726 inter
1192 1683 1240 1739 se,
1255 1682 1317 1747 pro
1331 1662 1481 1747 ipsorum

426 1774 460 1831 et
504 1766 714 1832 ecelesiarum
760 1786 897 1829 suarum
936 1768 1029 1829 statu
1066 1763 1222 1829 concordi
1261 1768 1296 1828 et
1333 1763 1483 1849 pacifico,

425 1870 692 1955 compositionem
727 1866 888 1947 fecerunt,
911 1872 1012 1952 prout
1035 1866 1070 1930 in
1093 1866 1317 1931 instrumento
1347 1865 1480 1950 publico

426 1974 502 2037 inde
536 1972 694 2049 confecto,
718 1970 866 2057 ipsorum
899 1969 1045 2035 Simonis
1077 1975 1112 2035 et
1147 1968 1313 2033 Jobannis
1344 1967 1482 2033 Archis-

424 2076 630 2160 piseoporum
655 2072 774 2161 sigillis
797 2072 938 2147 munito,
961 2072 1057 2157 eujus
1080 2077 1230 2136 tenorem
1253 2070 1295 2135 de
1317 2070 1421 2135 verbo
1435 2070 1479 2133 ad

425 2177 563 2240 verbum
587 2174 806 2259 praesentibus
829 2173 931 2237 inseri
955 2172 1104 2249 fecimus,
1127 2172 1257 2257 plenius
1279 2172 1478 2236 continetur.

425 2276 535 2355 Quare
575 2297 634 2361 pro
682 2280 776 2361 parte
823 2274 1003 2339 eorundem
1055 2272 1200 2337 Simonis
1241 2279 1276 2337 et
1313 2272 1478 2336 Johannis

424 2377 754 2463 Archiepiseoporum
779 2374 876 2439 nobis
898 2374 967 2440 fuit
990 2375 1163 2439 humiliter
1185 2374 1420 2459 supplicatum,
1439 2379 1478 2437 ut

424 2478 693 2564 compositionem
728 2476 933 2561 hujusmodi,
964 2497 1031 2539 non
1067 2475 1222 2539 obstante
1256 2475 1345 2559 quod
1381 2474 1416 2537 in
1438 2497 1476 2537 ea

424 2601 603 2645 consensus
641 2578 884 2643 venerabilium
922 2577 1069 2641 fratmm
1118 2583 1308 2641 nostrorum
1360 2578 1478 2641 suffra-

423 2705 601 2771 ganeorum
638 2682 816 2746 eorundem
861 2679 1007 2745 Simonis
1039 2684 1074 2744 et
1107 2678 1271 2743 Johannis
1305 2680 1477 2765 Amhiepi-

425 2806 609 2872 scoporum,
643 2806 681 2848 ac
715 2783 912 2847 dilectorum
959 2781 1101 2845 filiorum
1134 2781 1346 2867 praelatorum
1379 2782 1476 2847 eccle·

424 2888 631 2954 siasticorum
679 2886 713 2949 in
759 2884 883 2948 eisdem
929 2882 1109 2969 provinciis
1155 2883 1418 2963 consistentium,
1444 2890 1477 2950 et

425 2987 676 3054 Cantuariensis
693 2993 727 3051 et
750 2985 966 3050 Eboraeensis
993 2984 1211 3050 Ecclesiamm
1235 2984 1477 3071 capitulorum,

424 3099 459 3158 et
496 3091 688 3156 clericorum
728 3085 894 3152 aliorum¹
937 3087 1184 3173 provinciarum
1232 3089 1477 3172 praedictarum,

424 3214 601 3260 consensus
633 3190 769 3254 minime
802 3189 1033 3266 intervenerit,
1055 3212 1098 3253 ex
1120 3196 1212 3254 certe
1241 3189 1381 3256 scientia
1402 3213 1478 3256 con·

423 3297 564 3372 firmare,
603 3314 797 3378 omnemque
837 3291 942 3355 alium
980 3291 1160 3369 defectum,
1194 3293 1223 3356 si
1261 3291 1335 3378 quis
1370 3293 1407 3356 in
1439 3317 1477 3358 ea

423 3397 653 3474 intervenerit,
715 3395 881 3480 supplere,
937 3394 978 3458 de
1034 3393 1241 3483 benignitate
1298 3397 1477 3481 apostolica

424 3503 648 3590 dignaremur.
711 3497 782 3562 Nos
822 3497 936 3582 itaque
985 3497 1219 3582 praedictorum
1260 3496 1406 3564 Simonis
1443 3505 1478 3564 et

422 3603 586 3670 Johannis
610 3599 947 3685 Arehiepiseoporum
987 3598 1285 3684 supplicationibus
1316 3599 1475 3675 inclinati,

422 3702 693 3790 compositionem
724 3699 913 3786 hujusmodi
947 3703 1055 3763 ratum
1086 3705 1121 3764 et
1144 3707 1275 3788 gratam
1306 3702 1474 3778 habentes

425 3806 528 3882 illam,
553 3825 620 3868 non
643 3803 797 3866 obstante
821 3801 909 3886 quod
934 3800 969 3864 in
991 3823 1031 3864 es
1053 3803 1231 3866 eorundem
1254 3803 1475 3892 suffraganeo

333 3940 339 3952 ·
424 3929 509 3984 rum,
534 3905 759 3992 praelatorum,
775 3903 1012 3989 capitulorum,
1023 3908 1058 3967 et
1072 3903 1276 3984 clericorum,
1292 3925 1476 3982 consensus,

424 4014 463 4074 ut
485 4007 673 4094 praefertur,
705 4005 842 4070 minime
877 4005 1109 4084 intervenerit,
1141 4028 1183 4070 ex
1213 4011 1306 4071 certa
1339 4007 1475 4072 scientia

423 4109 665 4186 confirmamus,
689 4112 724 4172 et
746 4129 806 4194 per
828 4107 1003 4194 praesentis
1035 4107 1151 4193 scripti
1181 4109 1367 4194 patrocinio
1388 4131 1472 4174 eom·

425 4211 611 4288 munimus3
635 4209 826 4296 supplentes
850 4229 981 4272 omnem
1004 4207 1109 4272 alium
1131 4209 1307 4288 delectum,
1339 4211 1368 4274 si
1402 4210 1474 4296 quis

427 4315 541 4380 forsan
572 4311 791 4378 intervenerit
824 4310 860 4374 in
892 4309 1015 4374 eadem.
1061 4309 1170 4374 Tener
1202 4332 1283 4375 vem
1313 4311 1396 4377 dieti
1426 4313 1476 4375 in·

425 4413 603 4484 strumenti
627 4413 704 4478 talis
728 4416 785 4494 est.

836 4677 844 4709 ¹
863 4673 981 4739 aliarum,
992 4677 1051 4729 MS.
