3350 5800
400 869 441 927 ful
863 880 995 928 cussa

399 1064 660 1143 cantuariensis,
692 1072 792 1150 prout
829 1066 866 1129 in
904 1067 1003 1131 certis
1040 1068 1143 1133 cartis
1181 1066 1259 1131 inde
1296 1064 1454 1131 confectis

398 1166 529 1251 plenius
561 1167 762 1244 continetur,
784 1188 868 1252 quas
902 1175 1067 1234 cantuset
1100 1169 1212 1235 omnia
1244 1169 1453 1233 munimenta

398 1270 522 1336 dictam
545 1271 727 1337 cantariam
760 1272 1007 1349 conoemencia,
1029 1279 1065 1337 et
1088 1272 1202 1338 omnia
1223 1272 1292 1337 alia
1319 1270 1452 1357 jocalia,

396 1373 423 1437 si
462 1394 536 1458 quae
575 1374 788 1469 imposterum
828 1373 927 1439 dictae
968 1375 1125 1440 canaria
1159 1374 1282 1441 collata
1314 1372 1452 1448 fuerint,

396 1476 470 1541 volo
493 1476 528 1540 in
552 1496 652 1540 unam
676 1474 794 1541 cistam
817 1476 943 1561 reponi,
967 1482 1002 1541 et
1024 1498 1084 1563 per
1107 1476 1329 1563 capellanum
1352 1476 1451 1541 dictae

394 1576 550 1642 canmnae
583 1574 824 1641 inviolabiliter
856 1576 1035 1655 observari,
1068 1583 1102 1642 et
1134 1576 1267 1643 illorum
1302 1576 1450 1641 omnium

394 1700 497 1743 unum
521 1678 746 1742 inventarium
771 1678 844 1742 lieri
866 1678 956 1743 inter
980 1678 1199 1765 capellanum
1223 1682 1394 1743 mortuum
1416 1683 1451 1743 et

393 1782 495 1847 alium
519 1780 709 1845 immediate
744 1780 948 1847 institutum.
995 1780 1138 1867 Insuper
1160 1781 1237 1847 volo
1268 1786 1303 1846 et
1325 1781 1450 1859 ordino,

393 1885 481 1971 quod
497 1883 640 1970 quilibet
667 1882 867 1969 capellanus
883 1882 982 1949 dictae
994 1884 1152 1949 antariae
1170 1884 1366 1949 continuam
1381 1906 1448 1949 mo-

393 2010 464 2054 ram
487 1987 522 2051 in
545 2006 661 2049 manso
685 1984 781 2049 dictae
808 1986 976 2063 eantariae,
992 1990 1027 2050 et
1049 2007 1115 2051 non
1139 1985 1232 2063 alibi,
1248 1984 1369 2061 trahat,
1385 1986 1450 2050 nisi

393 2110 521 2155 mecum
544 2087 598 2152 vel
621 2106 724 2150 uxore
740 2106 821 2161 mea,
836 2084 918 2149 dum
933 2086 1125 2163 vixerimus,
1143 2087 1292 2152 voluerit
1306 2108 1448 2153 commo·

393 2191 468 2256 rari.
515 2188 598 2254 Volo
621 2188 757 2273 insuper
779 2186 869 2271 quod
891 2186 1036 2272 quilibet
1058 2187 1269 2273 capellanus.
1284 2193 1360 2275 post
1381 2189 1447 2273 pri-

393 2315 483 2358 mum
501 2289 728 2377 capellanum,
745 2288 843 2353 diotre
867 2288 1035 2363 cantoriae,
1053 2288 1140 2354 infra
1155 2312 1299 2355 mensem
1312 2291 1447 2355 institu-

393 2396 496 2463 cionis
511 2416 590 2473 suae,
606 2392 785 2457 distribuat
800 2391 1001 2477 pauperibus
1016 2392 1053 2456 in
1065 2393 1273 2477 parochiade
1285 2392 1449 2479 Bockyng

394 2520 451 2564 sex
468 2496 589 2561 solidos
605 2499 678 2560 octo
694 2493 857 2571 denarios,
873 2492 1030 2559 dediciis
1052 2499 1178 2580 septem
1203 2494 1298 2560 libris
1321 2495 1398 2571 suis,
1413 2500 1448 2559 et

394 2602 457 2666 hoc
471 2600 512 2665 de
530 2599 603 2662 visu
620 2596 755 2662 rectoris
778 2595 878 2661 dictae
893 2594 1037 2661 eeclesiae
1059 2596 1102 2661 de
1113 2596 1277 2682 Bockyng
1291 2604 1327 2662 et
1342 2598 1445 2661 trium

394 2703 533 2769 aliorum
583 2698 761 2785 pmborum
815 2696 962 2761 virorum
1016 2698 1114 2762 dictae
1162 2698 1336 2784 pamelriae,
1389 2720 1448 2783 pro

393 2802 567 2869 animabus
590 2799 740 2886 superius
774 2796 965 2863 nominatis.
1011 2798 1178 2863 Praeterea
1210 2798 1336 2877 ordino,
1359 2800 1448 2885 quod

396 2906 597 2993 capellanus
629 2903 729 2967 dictae
763 2899 921 2966 antone
953 2921 1021 2966 non
1056 2901 1209 2966 absentet
1240 2925 1275 2967 se
1306 2923 1328 2967 a
1359 2903 1450 2968 dicta

392 3009 541 3078 cantaria
574 3005 663 3071 ultra
697 3001 839 3089 triginta
873 3001 955 3076 dies,
986 3003 1163 3068 continuos
1194 3003 1266 3068 aive
1299 3004 1445 3090 interpo

392 3108 499 3188 latos,l
522 3109 557 3173 in
587 3127 684 3183 anno,
708 3111 743 3169 et
765 3103 827 3168 hoc
850 3125 949 3168 <ausa
980 3103 1128 3180 honesta,
1152 3126 1252 3190 quam
1283 3106 1448 3191 exprimat

394 3211 573 3286 fundatori,
604 3209 631 3272 si
667 3208 701 3270 in
736 3205 893 3292 parochia
925 3205 967 3270 de
991 3203 1155 3292 Boclryng
1187 3205 1300 3283 fuerit,
1324 3207 1378 3272 vel
1410 3207 1446 3271 in

392 3319 463 3402 eius
495 3311 648 3381 absencia
679 3309 798 3375 rectori
831 3307 914 3374 dicti
947 3307 1023 3387 loci,
1054 3317 1089 3374 et
1121 3309 1149 3374 si
1184 3314 1293 3375 rector
1327 3310 1445 3376 absens

391 3419 493 3486 luerit
515 3422 596 3480 tunc
619 3410 781 3478 sacerdoti
804 3408 988 3495 parochiali
1003 3409 1173 3496 exprimat
1187 3432 1318 3478 oausam
1342 3433 1445 3477 suam.

392 3523 550 3587 Honeste
582 3535 689 3582 causae
721 3517 801 3577 sunt
823 3513 917 3577 istm:
949 3532 1009 3597 pro
1035 3513 1151 3577 amicis
1175 3513 1363 3591 visitandis,
1384 3534 1445 3598 pro

391 3623 561 3689 medecina
598 3614 813 3702 adquirenda,
851 3612 906 3678 vel
949 3613 1142 3680 defencione
1176 3614 1306 3698 jurium
1345 3615 1445 3681 dictae

392 3722 567 3798 cantariae,
606 3715 873 3806 peregrinacione
904 3714 1111 3793 Sanctorum,
1151 3715 1204 3780 vel
1242 3716 1310 3780 alia
1347 3739 1446 3782 causa

389 3823 561 3899 consimili,
597 3821 630 3885 in
669 3819 790 3905 quibus
828 3817 937 3882 causis
975 3817 1023 3882 sic
1061 3817 1226 3903 expressis
1264 3818 1328 3882 sibi
1367 3819 1445 3884 nolo

389 3925 559 3994 licenciam
592 3919 755 4006 denegari.
802 3917 886 3983 Volo
918 3917 1021 3983 eciam
1045 3923 1080 3982 ct
1103 3919 1228 3995 ordino,
1252 3918 1341 4005 quod
1371 3921 1444 4006 qui-

389 4030 472 4095 libet
495 4023 695 4110 capellanus
719 4021 817 4086 dictoe
841 4019 1009 4086 cantariae
1031 4021 1124 4085 aliud
1147 4021 1344 4086 beneficium
1367 4044 1442 4086 cunr

390 4133 479 4198 dicta
511 4126 661 4194 cantaria
695 4145 763 4189 non
796 4127 943 4206 occupet,
972 4143 1035 4188 nec
1068 4123 1274 4207 stipendium
1307 4123 1444 4191 aliunde

390 4231 539 4318 recipiat,
564 4249 626 4293 nec
655 4224 805 4291 sacerdos
835 4223 1034 4309 parochialis
1058 4224 1209 4289 indicta
1238 4224 1375 4290 ecclesia
1398 4226 1440 4291 de

391 4335 555 4418 Bookyng
587 4329 639 4394 vel
674 4327 752 4392 alibi
786 4327 931 4404 existat3
960 4325 1019 4388 sed
1051 4325 1087 4389 in
1120 4324 1246 4390 divinis
1269 4327 1383 4391 officiis
1406 4329 1442 4391 in

391 4435 569 4523 majoribus
591 4432 687 4497 festis
710 4436 743 4495 et
760 4426 944 4494 Dominicis
967 4427 1094 4505 diebus,
1118 4428 1154 4492 in
1176 4428 1275 4494 choro
1298 4429 1442 4496 ccclesiae

391 4540 431 4606 de
454 4537 626 4621 Bockyng,
649 4534 684 4597 in
708 4552 807 4617 super
829 4528 960 4616 pellicio
986 4529 1099 4614 juvet,
1122 4535 1158 4594 et
1180 4530 1321 4595 honesto
1343 4531 1442 4596 modo

385 4698 606 4716 -„....--—-
