3350 5800
438 889 502 955 368
871 903 1057 954 srrmvmx.

436 1103 691 1160 Oontuariensium
710 1104 813 1158 fecisse
833 1104 1002 1168 constabat;
1029 1104 1081 1158 sed
1105 1103 1176 1173 quia
1193 1104 1294 1159 Abbas
1312 1103 1490 1160 diffitebatur

436 1187 492 1243 sibi
517 1193 650 1243 constare
681 1187 909 1258 predecessores
941 1204 1008 1241 suos
1038 1189 1113 1243 hane
1138 1189 1349 1257 professionem
1380 1189 1491 1253 fecime,

436 1269 505 1325 licet
533 1271 589 1325 boc
616 1272 648 1324 in
677 1287 770 1340 regno
801 1268 918 1340 publice
943 1269 1126 1334 innotuisset,
1154 1270 1287 1340 religiosi
1315 1270 1384 1335 viri,
1403 1271 1490 1326 tactis

437 1353 635 1410 Sacroseuctis
647 1353 727 1407 Evan
731 1351 824 1422 galiis,
836 1354 972 1423 juravere
985 1370 1015 1407 se
1026 1351 1135 1408 vidisse
1153 1358 1183 1408 et
1195 1353 1311 1408 audisse
1322 1353 1491 1424 Hugcuem,

435 1435 567 1506 ejusdem
594 1434 728 1492 Silvestri
754 1435 943 1500 decessorem,
970 1442 1162 1491 memoratam
1188 1435 1401 1506 professionem
1420 1437 1491 1492 Wil-

436 1521 523 1576 lelmo
560 1519 617 1591 pise
653 1519 864 1574 recordationis
894 1519 1100 1576 cantuariensi
1134 1519 1372 1591 Archiepiscopo,
1409 1537 1490 1576 more

436 1603 543 1668 debito,
575 1605 639 1659 siue
669 1601 906 1668 contradictione,
934 1603 1046 1660 fecisse.
1081 1603 1132 1657 Ad
1155 1605 1221 1658 hoec
1246 1604 1336 1658 etiam
1361 1604 1489 1660 vidimus

436 1687 552 1742 cedulae
571 1687 602 1741 in
621 1686 727 1758 quibus
754 1686 948 1756 professiones
974 1686 1133 1741 multorum
1151 1686 1300 1741 Abbetum
1319 1687 1411 1756 ipsius
1429 1687 1491 1741 Mo-

435 1769 557 1826 nasterii
585 1771 739 1826 manifeste
766 1770 852 1826 nobis
880 1769 998 1842 scriptae
1026 1778 1233 1841 apparuerunt.
1270 1770 1363 1825 Facta
1390 1770 1490 1841 itaque

436 1852 491 1908 ilde
510 1853 618 1908 Abbati
636 1859 666 1908 et
683 1851 731 1906 his
750 1851 800 1923 qui
818 1853 950 1918 aderant,
972 1852 1217 1922 predecessorum
1235 1869 1355 1908 suorum
1373 1859 1488 1908 secutus

434 1937 570 2007 vestigia,
584 1936 794 2009 professionem
812 1937 844 1990 in
862 1937 926 1991 bisc
944 1936 1035 1992 verba
1051 1937 1130 2002 iecit,
1145 1941 1176 1990 et
1194 1935 1291 1991 crucis
1309 1937 1393 2007 signo
1410 1954 1488 1993 com·

435 2019 527 2090 plevit
544 2025 631 2092 atque
648 2020 784 2074 munivit.
830 2020 923 2090 “llgo
949 2019 1102 2084 silvester,
1120 2018 1219 2074 Abbas
1244 2017 1383 2073 Ecclesiae
1400 2018 1488 2075 Seue·

436 2104 454 2128 ‘⁶
474 2106 572 2157 torum
589 2102 797 2173 Apostolorum
816 2102 897 2158 Petri
914 2108 945 2157 et
962 2102 1056 2167 Pauli,
1076 2107 1106 2156 et
1125 2102 1209 2157 Beati
1227 2100 1387 2172 Augustini
1399 2102 1489 2173 primi

436 2187 453 2212 ‘⁸
474 2185 639 2255 Anglcrum
658 2185 891 2258 Archiepiecopi,
904 2186 1045 2257 promitto
1058 2185 1181 2261 ,Sancte
1199 2184 1416 2240 Doroberneusi
1434 2185 1486 2240 Bc·

435 2271 453 2294 “
474 2268 580 2332 cleris,
601 2273 630 2324 et
648 2267 713 2333 tibi,
732 2267 890 2324 reverende
908 2273 992 2340 pater
1015 2266 1180 2323 Theobelde
1199 2266 1328 2336 ejusdem
1349 2267 1487 2323 Ecclesiae

436 2356 453 2378 ‘¹
474 2349 710 2422 Archiepiscopo,
731 2350 849 2423 tuisque
876 2351 1091 2407 successoribus
1118 2351 1288 2405 canonicam
1314 2367 1367 2419 per
1392 2351 1489 2406 omnia

436 2438 453 2461 ¹⁴
475 2433 697 2490 obedientiamx’
746 2435 791 2489 Ex
820 2434 868 2489 his
894 2434 988 2505 igitur
1012 2433 1220 2497 intelleximus,
1239 2433 1318 2502 quod
1343 2433 1425 2488 nulls
1451 2433 1489 2492 de

433 2523 529 2573 cetero
548 2518 626 2572 inter
644 2519 773 2589 ipsomm
791 2533 981 2581 successores,
1003 2516 1039 2572 de
1065 2516 1199 2572 faciende
1215 2516 1401 2586 professione,
1421 2533 1486 2572 con·

433 2601 568 2657 tradictio
587 2600 692 2656 debeat
710 2599 878 2656 instaurari.

286 2877 395 2931 (mm)
433 2855 688 2913 24.-00m0s1r10
715 2869 800 2911 mrsu
825 2870 877 2911 sos
902 2869 936 2911 ur
954 2854 1115 2910 Monicnos
1144 2854 1249 2911 Sason
1266 2855 1426 2912 Arouarnu
1450 2871 1486 2910 na

261 2990 325 3035 cm·
333 2989 388 3033 Ant·
670 2954 835 3005 QUIBUSDAM
854 2954 1012 2995 erlcnt
1030 2954 1248 2996 mmmm,

261 3042 330 3085 ⁸¹⁰⁰·
467 3061 541 3117 cnm
571 3058 715 3116 Dominus
743 3058 842 3114 Abbes
871 3060 973 3114 Sancti
998 3058 1160 3128 Augustini
1186 3061 1301 3126 obierit,
1321 3061 1487 3117 Praeceutor

262 3136 370 3231 ‘mill
430 3144 564 3216 ejusdem
583 3142 639 3199 loci
657 3142 770 3199 obitum
789 3140 914 3197 Abbatis
933 3142 1115 3196 Proecentori
1129 3142 1335 3199 Cautuarienai
1353 3146 1486 3202 celeriter

261 3200 390 3291 &lviii
430 3226 591 3290 nunciabit,
618 3232 648 3280 et
674 3226 736 3296 ipse
755 3226 925 3279 Priscentor
949 3226 1124 3280 conventui.
1162 3226 1202 3280 Et
1226 3244 1292 3281 cnm
1320 3229 1483 3297 capitulum

261 3290 393 3391 {glffilm
430 3310 489 3367 diei
519 3309 655 3381 regulare
693 3308 886 3362 terminatum
922 3306 1022 3370 fuerit,
1055 3307 1225 3363 Conventus
1255 3308 1484 3376 cantuariensis,

260 3370 416 3480 inrepitete
433 3397 519 3453 Verbo
546 3412 607 3451 mea
630 3392 775 3457 dicturus,
796 3409 863 3446 curn
882 3392 960 3446 trino
987 3392 1086 3447 sonitu
1104 3409 1139 3447 ac
1164 3393 1326 3465 sollempni,
1348 3395 1386 3450 de
1404 3395 1485 3467 cepi·

260 3440 380 3549 bolidem
428 3480 490 3534 tulo
516 3481 547 3533 in
576 3477 698 3532 chorum
724 3475 871 3547 procedet,
900 3482 930 3530 et
957 3472 1082 3530 Abbatis
1109 3477 1247 3541 animam,
1277 3485 1366 3548 prout
1391 3481 1481 3535 moris

261 3540 412 3633 griffinum
427 3570 481 3629 est,
502 3561 735 3618 Ebdomadarius
763 3560 904 3615 absolvet.
942 3560 975 3615 Si
992 3578 1063 3614 vero
1083 3560 1130 3614 die
1156 3561 1253 3616 obitus
1270 3562 1398 3618 Abbatis
1416 3582 1478 3635 pos-

259 3639 407 3733 mg&
427 3648 467 3701 sit
493 3645 645 3701 celebritas
672 3644 734 3699 fieri
760 3661 809 3715 pro
832 3644 972 3713 fidelibus,
993 3661 1046 3713 pro
1064 3662 1099 3698 eo
1117 3644 1169 3698 liet
1187 3646 1300 3700 Placete
1324 3652 1355 3701 et
1372 3648 1482 3719 Dirige,

263 3738 389 3782 oleaster·
428 3738 458 3785 et
476 3728 611 3784 Officium
638 3728 670 3781 in
689 3726 852 3790 conventu,
873 3742 939 3782 cum
967 3727 1066 3780 sonitu
1092 3727 1222 3796 generali
1239 3730 1316 3784 siout
1344 3746 1398 3799 pro
1427 3748 1483 3785 unc

262 3788 328 3843 hm·
428 3812 656 3882 Archiepisccpc
672 3810 829 3874 defuncto;
849 3810 961 3863 sivero
980 3810 1045 3878 ipsa
1062 3807 1109 3864 die
1122 3809 1185 3864 boec
1205 3810 1269 3864 fieri
1281 3829 1341 3866 non
1360 3813 1482 3882 possint,

428 3896 521 3951 eltera
545 3894 593 3949 die
619 3892 842 3963 competentiori
868 3892 950 3945 fiant.
988 3890 1028 3945 Et
1053 3891 1178 3962 quilibet
1205 3894 1339 3949 sacerdos
1365 3896 1484 3951 missam

425 3996 478 4051 pro
499 3978 628 4049 fideliter
647 3994 699 4046 pro
718 3992 752 4030 eo
771 3974 931 4029 celebrabit
948 3974 1114 4043 specialem,
1135 3976 1225 4029 ceteri
1242 3993 1313 4031 vero
1338 3978 1486 4034 inferioris

415 4060 538 4116 ·ordinis
556 4066 668 4129 septem
687 4060 813 4128 psalmos
831 4054 1048 4127 poenitentiales
1076 4074 1142 4111 cnm
1162 4057 1266 4113 litania
1290 4058 1400 4125 (licent,
1417 4078 1483 4116 cum

428 4147 533 4202 ceteris
558 4144 707 4199 beneficiis
734 4140 791 4197 sibi
809 4142 1017 4197 universaliter
1034 4142 1185 4196 concessis.
1224 4142 1263 4197 Et
1281 4144 1338 4198 hoo
1355 4143 1435 4199 idem
1454 4146 1485 4201 in

428 4228 561 4285 Ecclesia
589 4226 688 4283 Sancti
713 4223 875 4297 Augustini
900 4242 953 4293 pro
979 4224 1079 4279 Priore
1105 4224 1323 4282 cantuariensi.
1362 4228 1483 4283 sivero

428 4312 589 4367 monachus
608 4310 709 4365 Sancti
727 4307 887 4378 Augustini
908 4308 1022 4370 obierit,
1042 4307 1213 4361 Praeceutor
1231 4309 1324 4378 ipsius
1343 4309 1401 4364 loci
1418 4328 1484 4365 oon-

429 4396 488 4450 cito
515 4392 690 4449 Prseeentori
717 4392 923 4447 cantuariensi
954 4389 1068 4445 obitum
1098 4390 1230 4445 defuncti
1260 4394 1425 4460 nunciabit,
1455 4401 1484 4450 et

429 4482 490 4551 ipse
516 4478 684 4534 Praeccntor
711 4476 914 4531 cantuariensi
946 4476 1120 4531 Conventui.
1166 4476 1205 4530 Et
1231 4477 1282 4547 qni
1315 4478 1484 4547 presidebit

427 4567 459 4621 iu
478 4564 615 4635 capitulo
633 4559 726 4633 ipsius
753 4560 881 4615 animam
907 4560 1055 4625 absolvet;
1086 4559 1217 4615 Sacrista
1240 4578 1313 4616 vero
1330 4562 1483 4619 Oantusri-

429 4648 516 4712 eusis,
537 4646 584 4701 die
612 4646 709 4701 obitus
727 4644 808 4698 illius
826 4641 971 4707 monachi,
992 4643 1071 4698 infra
1097 4643 1217 4698 missam
1237 4645 1380 4715 majorem
1399 4648 1425 4701 si
1442 4648 1483 4703 sic

428 4731 581 4793 moriatur,
601 4727 649 4782 vel
677 4727 754 4781 infra
781 4740 928 4795 vesperes,
947 4724 1060 4779 trinum
1087 4725 1215 4779 sonitum
1238 4742 1272 4778 ac
1291 4726 1483 4798 sollempnem

430 4830 482 4884 pro
507 4830 540 4867 eo
566 4810 663 4866 faciet.
702 4809 782 4863 Etsi
801 4807 850 4862 die
875 4808 973 4863 obitus
997 4808 1061 4863 fieri
1087 4808 1179 4879 possit
1202 4808 1233 4861 in
1252 4808 1410 4867 Conventn
1435 4812 1484 4869 fiet
