3350 5800
292 1291 380 1343 aas,
429 1264 663 1331 aaa-Nova
697 1279 956 1331 oanrnsrrosns
991 1278 1108 1328 sacra
1131 1276 1213 1326 rosr
1235 1270 1488 1323 msrrsnorrnr

302 1361 375 1409 ¹⁴¹⁵·
586 1366 796 1432 Hoserrrnrs
812 1367 941 1432 Sanan
964 1363 1090 1429 Jacom
1113 1377 1228 1429 ruxrs
1248 1358 1488 1425 Oanrnsnmu

258 1458 368 1513 SM
586 1486 653 1533 ena
674 1468 834 1535 Priorum
858 1468 1037 1535 Eoounsrn
1061 1466 1214 1533 Onnsn.

261 1642 380 1695 AM
476 1642 647 1709 Johaunes
678 1644 893 1731 permissione
931 1643 1047 1707 divina
1078 1646 1201 1707 sanctae
1235 1637 1487 1705 Cantuariensis

259 1726 367 1855 lgm.
432 1746 584 1864 naara
607 1746 700 1863 Psa-
726 1746 913 1833 Hospitalis
931 1745 1054 1861 ⁸sana
1077 1743 1193 1810 Jaaou
1212 1741 1486 1908 juxavoappoa-

1457 1863 1486 1917 ra

258 1842 383 2026 ‘ff
431 1848 1020 2037 lltzlblfttlttltlt
1037 1846 1289 2013 llldbtlt
1311 1865 1487 2020 elissa,

261 2041 380 2104 ¹¹⁰⁸Pl²⁸¹
431 2053 583 2119 salutem.
628 2054 679 2118 Ut
700 2058 814 2119 nostra
836 2052 996 2132 visitatio,
1019 2071 1126 2135 nuper
1147 2050 1184 2114 in
1216 2049 1305 2115 dicto
1328 2046 1486 2133 hospitali

259 2106 404 2237 ltgloer'
432 2174 491 2238 per
527 2175 587 2219 nos
625 2152 726 2234 facta,
764 2155 833 2231 fiat,
867 2158 1035 2219 annuente
1059 2152 1211 2229 Domino,
1241 2150 1409 2216 fructuosa
1442 2147 1487 2211 ad

260 2238 391 2355 3⁰0,ss
430 2258 663 2322 correctionem
686 2262 722 2323 et
743 2258 1011 2323 reformationem
1033 2255 1180 2341 ejusdem
1211 2252 1392 2339 hospitalis,
1415 2257 1486 2317 tarn

260 2370 374 2431 chureh,
431 2358 467 2421 in
504 2358 733 2443 spiritualibus
770 2380 872 2445 quam
909 2358 945 2423 in
990 2354 1238 2442 temporalibus,
1276 2354 1487 2438 infrascripta

260 2438 545 2525 tl¹⁰¹'⁸²‘'⁰¹¹·nostra
582 2462 749 2537 mandata,
788 2464 929 2539 statuta,
964 2464 999 2525 et
1030 2458 1264 2533 ordinationes,
1287 2456 1324 2520 in
1358 2456 1485 2520 virtute

430 2560 635 2639 obedientiae,
657 2561 867 2647 praecipimus
890 2582 948 2647 per
972 2580 1029 2625 vos
1059 2557 1297 2624 inviolabiliter
1318 2558 1486 2643 perpetuis

431 2660 554 2726 futuris
576 2662 783 2747 temporibus
798 2661 977 2727 observari.
1024 2659 1067 2724 In
1091 2658 1227 2746 primis:
1249 2658 1428 2724 statuimus
1451 2662 1485 2722 et

432 2763 631 2841 ordinamus,
653 2763 743 2849 quod
777 2784 892 2829 omnes
915 2762 1035 2828 fratres
1057 2766 1092 2827 et
1114 2782 1239 2827 sorores
1271 2761 1352 2826 dicti
1375 2760 1486 2845 hospi·

430 2864 508 2931 talis
545 2865 589 2932 ad
627 2866 808 2931 oratorium
843 2866 913 2930 sive
951 2863 1123 2931 ecclesiam
1158 2864 1194 2928 in
1231 2862 1279 2929 ibi
1318 2863 1485 2940 situatam,

430 2968 573 3056 singulis
595 2969 721 3046 diebus,
744 2968 826 3033 hora
849 2974 1014 3046 consueta,
1037 2969 1246 3046 conveniant,
1269 2967 1368 3032 horas
1390 2988 1485 3032 cano-

430 3071 522 3137 nicas
545 3078 580 3136 et
595 3072 711 3136 missas
733 3070 770 3134 in
791 3071 864 3157 ipso
881 3071 1024 3136 oratorio
1048 3070 1203 3136 dicendas
1218 3075 1253 3134 et
1276 3068 1486 3135 celebrandas

430 3173 637 3260 integraliter
658 3172 815 3250 audituri,
839 3171 905 3236 nisi
928 3173 1055 3237 ratione
1089 3171 1185 3237 officii
1209 3176 1270 3237 aut
1300 3172 1366 3236 alia
1388 3193 1487 3237 causa

431 3273 631 3346 rationabili,
664 3273 856 3360 praesidenti
888 3273 1034 3358 ejusdem
1069 3273 1240 3360 hospitalis
1278 3272 1487 3352 insinuanda,

431 3375 529 3440 dictis
552 3376 755 3461 temporibus
777 3375 955 3462 contigerit
978 3375 1154 3442 absentari.
1201 3374 1388 3440 Statuimus
1404 3397 1488 3462 praa·

431 3481 531 3552 terea,
556 3477 643 3562 quod
666 3498 823 3542 numerus
848 3475 1100 3562 Capellanorum
1123 3477 1165 3542 ab
1194 3478 1333 3563 antiquo
1356 3478 1391 3541 in
1415 3479 1487 3563 ipso

430 3577 588 3664 hospitali
611 3583 768 3656 statutus,
790 3580 988 3663 quamcitius
1010 3579 1187 3646 facultates
1210 3579 1291 3644 dieti
1314 3579 1488 3666 hospitalis

431 3681 476 3744 ad
498 3681 558 3746 lroc
581 3682 751 3766 potuerint
785 3681 943 3760 sufficere,
966 3682 1159 3747 observetur
1191 3688 1226 3747 et
1260 3683 1488 3763 custodiatur;

432 3782 585 3866 quodque
620 3782 702 3847 dicti
735 3781 918 3868 Capeliani,
941 3783 978 3847 in
1012 3785 1154 3849 oratorio
1187 3784 1268 3850 dicti
1305 3783 1488 3870 hospitalia,

432 3881 548 3947 divina
578 3883 669 3949 horis
701 3885 964 3970 competentibus
998 3887 1128 3963 cotidie,
1158 3886 1306 3972 legitimo
1341 3895 1488 3954 cessante

432 3982 669 4067 impedimento
713 3984 887 4063 celebrent,
930 3992 1032 4072 atque
1073 3987 1171 4052 horae
1210 3988 1381 4054 canonicas
1419 3989 1490 4054 alta

431 4106 520 4162 roca,
544 4086 593 4150 ita
615 4086 704 4170 quod
727 4107 748 4151 a
770 4086 931 4152 fratribus
954 4095 989 4154 et
1012 4089 1178 4154 sororibus
1213 4097 1294 4156 tuna
1317 4091 1487 4176 praesenti-

431 4187 494 4252 bus
528 4187 637 4252 audiri
661 4193 828 4274 poterunt,
853 4188 952 4254 simul
984 4190 1096 4256 dicant
1127 4193 1163 4256 in
1196 4193 1318 4269 eodem,
1348 4193 1488 4279 pulsatis

430 4289 586 4376 primitus
619 4290 722 4376 signis
756 4291 827 4354 sive
862 4293 1039 4378 compenis,
1057 4293 1160 4379 juxta
1192 4315 1316 4359 morem
1349 4296 1385 4358 in
1415 4295 1487 4380 ipso

431 4390 590 4477 hospitali
613 4393 655 4457 ab
687 4394 826 4480 antiquo
859 4396 1029 4460 usitatum.
1078 4397 1218 4483 Insuper
1251 4399 1430 4464 statuimus
1453 4402 1488 4462 et

432 4494 632 4572 ordinamus,
655 4494 744 4579 quod
775 4495 893 4560 fratres
916 4503 951 4562 et
985 4519 1111 4564 sorores
1142 4499 1223 4564 dieti
1246 4500 1428 4586 hospitalis,
1451 4501 1488 4564 in

433 4596 580 4680 ipsorum
603 4597 748 4662 oratorio
771 4620 791 4663 a
823 4598 1147 4668 confabulationibus
1170 4603 1305 4688 penitus
1328 4625 1362 4667 se
1385 4603 1488 4668 absti-

432 4703 536 4762 neant
548 4722 557 4777 ;
590 4698 802 4785 ipsorumque
836 4701 969 4788 singuli,
992 4702 1131 4790 singulis
1165 4705 1291 4785 diebus,
1314 4725 1488 4769 numerum

433 4799 620 4864 orationum
657 4801 906 4869 Dominicarum
952 4825 1026 4870 eum
1073 4805 1330 4873 salutationibus
1375 4806 1488 4872 Beatae
