3350 5800
587 871 876 924 emmerammus.
1199 857 1264 927 267

186 1049 295 1116 Data
317 1047 507 1117 cantuaria
537 1048 692 1115 seeundo.
717 1047 771 1112 die
793 1046 917 1112 mensis
941 1044 1150 1134 Septembris
1172 1063 1261 1112 anno

187 1151 444 1220 incarnationis
466 1151 601 1218 Domini
625 1147 932 1216 u0cccc⁰1uuu1s⁰.l

194 1416 512 1495 lota-Lunum,
535 1433 584 1483 su
607 1431 736 1482 uouuu
756 1431 976 1492 murmura,
991 1431 1100 1480 musa
1121 1431 1187 1480 uos
1219 1431 1262 1480 nr
1309 1409 1402 1526 ⁷¹22}

386 1535 634 1585 varmum
677 1535 793 1584 vruuu
840 1517 1053 1582 Meo1srauu
1105 1517 1262 1582 Tuousu

390 1620 593 1688 CHANDLER
1278 1597 1304 1650 8.
1317 1603 1365 1652 256
1380 1602 1402 1652 b.

253 1800 341 1867 Cum
377 1800 622 1887 religiosissima
652 1805 753 1886 atque
790 1798 996 1864 sanctissima
1029 1797 1157 1866 Christi
1190 1787 1376 1918 Sal-m·

198 1905 336 1968 vetoris
357 1903 462 1968 nostri
485 1903 698 1968 institutione
720 1923 834 1968 omnes
856 1902 1006 1968 homines
1028 1902 1098 1967 sint
1112 1903 1261 1968 caritatis
1275 1892 1404 1971 davn'so

199 2003 314 2070 officio
344 2004 387 2069 ab
417 2004 570 2069 omnibus
600 2004 830 2090 prosequendi,
855 2009 969 2069 tamen
999 2023 1054 2069 eos
1084 2003 1261 2090 praeeipuis
1275 1987 1419 2106 affl?

201 2107 408 2192 quibusdam
437 2114 539 2194 atque
562 2108 730 2194 perpetuis
752 2106 874 2172 studiis
905 2107 1145 2172 benevolentiae
1176 2127 1261 2172 com-
1275 2119 1397 2170 orsum.

201 2209 310 2296 pleeti
333 2211 498 2287 debemus,
522 2210 580 2296 qui
604 2209 834 2298 magnitudine
857 2216 893 2274 et
914 2210 1103 2296 frequentia
1125 2231 1261 2276 suorum
1274 2187 1394 2318 (iffi,

203 2333 290 2399 erga
322 2333 383 2378 nos
413 2313 647 2378 beneficiorum
677 2311 713 2376 id
750 2311 918 2378 consecuti
956 2317 1043 2390 runt,
1076 2317 1115 2378 ut
1152 2318 1263 2379 essent
1275 2319 1359 2370 which
1369 2321 1413 2372 the

205 2414 306 2478 nobis
329 2413 561 2501 singularitate
583 2413 725 2499 quadam
749 2413 906 2479 amicitiae
921 2413 1088 2500 copulati3
1110 2412 1190 2480 hine
1212 2420 1263 2481 est
1276 2386 1432 2504 &¹212me

206 2516 301 2602 quod
331 2536 401 2594 nos,
435 2513 680 2580 eonsiderantes
713 2514 886 2579 reverendi
920 2513 957 2578 in
992 2513 1126 2580 Christo
1158 2515 1263 2601 patris
1277 2518 1393 2584 cumn,

205 2617 316 2682 nostri
338 2615 475 2681 Thomas
497 2614 692 2692 Chandeler,
715 2614 824 2680 Saerae
848 2613 1035 2700 Theologiae
1057 2615 1263 2696 Professoris,
1277 2585 1413 2717 ffig'ss'h„

208 2719 367 2785 Custodia
391 2717 533 2805 collegii
555 2717 670 2783 Bealae
692 2717 807 2783 Mariae
821 2717 1015 2805 Wyntoniae
1038 2719 1074 2784 in
1090 2719 1264 2786 Universi·
1277 2719 1382 2797 [ΜΡΝ

207 2827 281 2888 tate
305 2821 452 2900 Oxoniae,
485 2824 520 2886 et
549 2818 696 2905 ejusdem
725 2819 891 2906 praeclarae
922 2819 1151 2887 universitatis
1175 2821 1263 2888 (lan-
1276 2785 1400 2903 miii,

209 2925 343 3002 cellarii,
375 2946 453 3011 erga
481 2930 630 2990 nostram
653 2922 833 2990 Eoelesiam
858 2923 1132 2991 cantuariensem
1162 2926 1262 2993 devo·
1278 2918 1414 3037 ffiffib

210 3028 338 3094 tionem
361 3027 529 3105 eximiam,
553 3030 588 3090 et
610 3046 754 3091 amorem
778 3025 980 3112 singularem
1011 3027 1126 3093 multis
1157 3050 1264 3094 maxr-
1277 3050 1379 3103 eluet

211 3128 339 3214 misque
372 3128 540 3193 benefieiis
573 3126 774 3193 declaratum
786 3151 795 3206 ;
828 3127 974 3212 primum
1009 3126 1142 3206 scilieet,
1176 3132 1265 3216 quod
1278 3118 1419 3237 fflffie

212 3228 256 3295 ad
287 3230 565 3296 oonseemtionem
600 3228 746 3315 Capellae
779 3228 816 3292 in
849 3227 997 3316 Collegio
1031 3236 1145 3297 nostro
1178 3232 1265 3298 Can·
1278 3252 1406 3303 aeonas

212 3332 553 3409 assensuram,
588 3330 700 3397 ese
738 3330 993 3397 auratiorem
1032 3334 1190 3400 altarium
1229 3318 1413 3401 amelin

213 3435 327 3500 eadem
364 3456 426 3521 pro
463 3434 572 3499 divini
609 3433 720 3499 cultus
757 3435 1074 3521 augmentationem,
1112 3442 1265 3524 sumptus
1277 3391 1394 3515 ssffisl

212 3538 302 3602 fudit
339 3542 561 3623 opportunos;
598 3556 637 3601 ae
674 3536 817 3623 insuper,
853 3541 893 3601 ut
930 3536 1050 3603 fratres
1087 3540 1193 3604 nostri
1228 3541 1266 3605 in
1278 3518 1393 3571 bmefla.

213 3640 327 3705 eodem
351 3638 498 3727 Oollegio
522 3639 710 3703 litterarum
732 3638 853 3703 studiis
885 3638 1050 3725 deputati,
1072 3642 1191 3707 autin
1212 3642 1265 3707 fu-

211 3745 324 3806 turum
359 3740 552 3827 deputandi,
582 3739 706 3805 eisdem
738 3740 859 3805 studiis
893 3761 969 3806 eum
1005 3742 1123 3829 majori
1161 3744 1266 3809 animi

211 3844 444 3930 tranquilitate
469 3844 710 3923 incumberent,
740 3844 917 3931 pecuniam
948 3844 1091 3933 largitus
1123 3850 1181 3924 est,
1204 3869 1265 3935 pro

213 3947 360 4014 emendis
389 3947 647 4033 possessionibus
677 3946 749 4012 sive
771 3946 957 4013 redditibus
987 3949 1044 4035 qui
1074 3949 1118 4014 ad
1148 3951 1263 4016 minis·

211 4049 334 4116 tranda
367 4053 525 4114 oonsueta
554 4047 674 4113 sebnia
704 4048 844 4113 duorum
875 4048 1092 4115 servientium
1123 4050 1263 4131 ibidem,

212 4151 337 4218 scilieet
367 4151 533 4236 pineemae
564 4157 599 4213 et
632 4148 708 4225 ooei,
742 4148 949 4229 sufficerent3
984 4150 1103 4217 deinde
1137 4154 1181 4219 ad
1212 4153 1264 4218 in·

247 4390 323 4441 1Τὶιει
349 4404 439 4439 maner
461 4387 490 4439 of
514 4386 640 4438 Pamfield
661 4402 713 4437 uas
762 4387 927 4455 alienoriory
939 4394 1155 4455 wassnppressed
1171 4393 1265 4443 audite

211 4468 287 4537 given
303 4483 367 4519 soon
383 4466 450 4518 alter
465 4468 509 4517 tbe
520 4466 634 4517 Norman
651 4481 713 4517 eon-
762 4469 938 4518 endornneuts
948 4470 1054 4535 bought,
1063 4468 1124 4517 with
1131 4484 1179 4519 oue
1188 4468 1263 4519 inter-

211 4556 285 4613 quest
301 4556 330 4598 to
346 4548 391 4598 tbe
402 4548 495 4611 Abbay
506 4545 536 4596 of
552 4546 591 4598 St.
603 4544 712 4610 Stephon
762 4546 858 4613 renlng
870 4560 962 4608 owner,
970 4548 1005 4612 by
1013 4546 1174 4610 Arsbbirbop
1184 4546 1265 4596 Bour-

210 4636 237 4679 st
252 4623 608 4687 eramusmaerore
626 4624 714 4689 priory
762 4623 841 4683 ebier,
863 4624 921 4675 who
943 4640 1009 4689 gave
1030 4625 1099 4675 them
1126 4628 1153 4673 to
1176 4622 1264 4674 Christ

212 4721 263 4757 ns
276 4704 427 4756 foundedaa
437 4720 454 4754 a
465 4703 551 4754 eellof
559 4702 616 4755 that
627 4703 714 4755 bonu.
765 4703 875 4757 Choreb.

215 4784 246 4835 In
264 4784 308 4835 the
329 4783 386 4832 drot
401 4781 503 4847 yearof
518 4779 714 4846 nunquan
