3350 5800
421 868 485 933 232
874 880 1007 929 mrnan

422 1068 465 1134 Et
491 1068 577 1153 qnod
606 1072 682 1153 post
707 1068 911 1143 indenturas,
925 1066 967 1130 de
982 1064 1184 1129 assessione¹
1209 1018 1375 1128 dictorum
1390 1066 1478 1125 tres-

421 1170 526 1234 decim
557 1168 698 1232 millium
729 1167 901 1232 hominum
926 1165 1184 1253 sagittariorum,
1213 1162 1412 1229 certificatus
1444 1160 1477 1225 in

423 1270 629 1337 Scaccarium
660 1277 819 1348 nostrum,
846 1269 1120 1355 proclamationes
1150 1266 1314 1331 dictorum
1344 1264 1412 1329 diei
1443 1268 1477 1328 et

422 1372 484 1437 loci
501 1372 641 1437 monstri
672 1372 740 1436 sive
770 1370 1021 1436 monstrationis
1050 1370 1160 1456 palam
1189 1367 1273 1433 fiant
1303 1367 1340 1431 in
1369 1365 1478 1431 tribus

424 1474 477 1539 vel
518 1480 660 1559 quatuor
701 1473 780 1538 locis
810 1472 943 1559 apertis,
978 1472 1037 1536 ubi
1077 1470 1225 1535 maxima
1264 1468 1477 1557 congregatio

424 1577 537 1663 populi
569 1577 642 1654 erit,
673 1576 709 1639 in
750 1574 899 1661 quolibet
927 1574 1089 1640 comitata
1129 1573 1298 1659 praedicte,
1328 1570 1477 1656 exceptis

424 1680 649 1765 praeexceptis
667 1685 701 1744 et
729 1679 921 1764 episcopatu
946 1675 1174 1755 Dunolmcnsi,
1189 1682 1334 1760 quatuor
1359 1675 1479 1738 mensi·

425 1781 486 1845 bus
502 1780 556 1845 vel
572 1781 713 1866 amplius
730 1786 808 1845 ante
824 1779 950 1845 dictum
970 1779 1059 1843 diem
1074 1778 1216 1842 monstri
1230 1777 1302 1841 sive
1317 1782 1480 1841 monstra·

424 1882 533 1947 tionis.
580 1882 624 1948 Et
654 1882 742 1967 quod
769 1880 928 1967 praedicta
956 1879 1130 1946 tresdecim
1171 1879 1277 1944 millia
1306 1877 1478 1942 hominum

423 1984 672 2071 sagittariorum
702 1988 801 2047 erunt
841 1982 956 2047 habita
1002 1988 1037 2047 et
1080 1981 1247 2047 custodita
1277 1979 1415 2069 integre,
1445 1987 1480 2046 et

426 2084 619 2170 indisparsa,
645 2090 681 2149 et
701 2084 856 2160 indivisa,
883 2090 919 2149 et
945 2083 1135 2169 inseparata
1169 2088 1210 2147 ut
1235 2103 1322 2147 unus
1349 2082 1480 2171 integer

425 2187 599 2262 exercitus,
616 2186 668 2250 vel
696 2208 764 2251 una
790 2186 922 2274 integra
951 2186 1117 2262 comitiva,
1144 2186 1188 2249 ad
1219 2186 1480 2271 exspectandum

426 2288 459 2353 in
491 2288 580 2353 dicto
620 2290 757 2353 servit-io
792 2294 916 2364 nostro,
946 2309 1006 2374 pro
1048 2287 1239 2353 defensione
1280 2288 1481 2372 supradicta,

425 2389 514 2455 dicto
530 2390 584 2454 die
600 2390 740 2455 monstri
756 2390 826 2453 sive
842 2390 1093 2454 monstrationis
1114 2409 1218 2474 usque
1232 2387 1334 2452 finem
1348 2387 1483 2452 dimidii

289 2532 300 2563 ,ι
343 2532 367 2565 c·
425 2492 504 2556 anni
529 2498 609 2557 tunc
634 2492 784 2577 proxime
811 2492 988 2577 sequentis.
1035 2491 1115 2569 Nos,
1139 2489 1180 2555 de
1205 2490 1423 2556 fidelitatibus
1448 2496 1483 2556 et

266 2581 381 2697 imm'·
425 2594 772 2679 circumspectionibus
811 2593 930 2658 vestris
963 2592 1093 2678 plenius
1130 2591 1343 2669 confidentes,
1377 2592 1481 2679 assig-

254 2713 275 2763 si
293 2730 310 2763 n
353 2752 360 2767 .
425 2696 579 2760 nevimus
602 2717 670 2771 vos,
694 2701 729 2760 et
761 2694 945 2779 quemlibet
984 2701 1142 2771 vestrum,
1175 2695 1217 2758 ad
1249 2694 1479 2772 dividendum,

425 2797 654 2871 ordinandum,
678 2797 982 2883 appunctuandum,
1004 2797 1229 2873 limitandum,
1252 2804 1286 2861 et
1309 2796 1481 2881 assignan-

423 2901 511 2978 dum,
550 2906 620 2966 tem
658 2921 717 2985 per
761 2898 1010 2985 inquisitionem
1049 2919 1149 2984 quem
1189 2898 1480 2977 examinationem,

422 3006 561 3086 quotum
593 3021 767 3064 numerum
793 3005 827 3064 et
858 3004 940 3084 quot
975 2999 1124 3065 homines
1156 2999 1350 3087 sagittarios
1372 3001 1477 3085 quod·

421 3103 503 3168 libet
537 3103 755 3177 hundredum,
778 3100 1003 3187 wapentacha,
1027 3122 1115 3186 rapa,
1137 3101 1266 3176 civitas,
1288 3106 1323 3165 et
1355 3101 1482 3188 burgm·

420 3227 488 3269 non
520 3205 666 3270 existens
698 3201 875 3268 comitatus
910 3202 947 3265 in
979 3202 1095 3288 seipso,
1119 3202 1210 3276 villa,
1233 3203 1360 3280 villata,
1383 3205 1482 3268 villa·

419 3307 523 3392 gium,
547 3306 737 3381 hameletta,
776 3327 814 3369 ac
853 3304 965 3369 omnia
1002 3302 1069 3368 alia
1105 3303 1187 3382 loca,
1220 3304 1310 3368 infra
1343 3326 1403 3369 seu
1436 3307 1480 3372 de

420 3409 509 3473 dicto
531 3409 692 3475 comitatu
716 3407 861 3484 Kancioe,
883 3426 1010 3472 necnon
1034 3405 1128 3482 bona,
1151 3405 1282 3482 catalla,
1303 3413 1339 3472 et
1361 3428 1480 3472 reven-

421 3512 527 3576 tiones
550 3532 610 3597 per
633 3531 761 3576 annum
784 3515 959 3585 terrarum,
975 3513 1255 3586 tenementorum‚
1277 3509 1479 3586 reddituum,

420 3617 454 3676 et
488 3612 734 3698 possessionum
769 3612 806 3675 in
829 3611 963 3690 eisdem,
986 3631 1025 3675 ac
1058 3609 1270 3695 proprietarii
1295 3616 1330 3675 et
1351 3631 1480 3696 posses-

418 3735 508 3778 sores
531 3714 710 3778 eonmdem
743 3713 927 3797 portabunt
949 3718 984 3777 et
1015 3711 1250 3788 onerabuntur,
1282 3711 1326 3776 ad
1348 3712 1478 3778 exhibi-

419 3814 544 3878 tionem
569 3815 800 3900 praedictorum
836 3814 1094 3902 quingentorum
1117 3809 1293 3901 sexaginta
1323 3820 1359 3879 et
1382 3815 1480 3900 quin-

418 3915 523 3979 decim
547 3914 719 3981 hominum
753 3915 1026 4004 sagittariorum
1056 3913 1179 4000 scripta
1211 3915 1395 3992 indometa,
1417 3939 1480 4003 per

419 4039 478 4081 vos
511 4017 547 4081 in
579 4017 688 4081 forma
720 4017 912 4103 supradicta
945 4017 1056 4082 debite
1103 4017 1317 4095 conficienda,
1350 4018 1476 4084 delibe

419 4119 532 4195 rande,
578 4123 613 4182 et
667 4119 709 4182 ad
754 4117 956 4184 mittendum
1010 4141 1119 4184 coram
1176 4118 1397 4187 Thesaurario
1441 4127 1478 4187 et

419 4219 605 4285 Beronibus
640 4220 680 4285 de
715 4219 886 4286 Scaccario
918 4225 1041 4296 nostro,
1064 4221 1149 4286 citra
1180 4217 1325 4286 Octabas
1356 4223 1478 4287 Purifi-

418 4321 558 4386 cationis
582 4321 693 4386 Beatus
717 4321 834 4387 Mariae
866 4323 1017 4409 proxime
1051 4322 1193 4399 futuras,
1220 4344 1323 4388 unam
1345 4330 1474 4410 partem

419 4423 616 4508 scriptorum
641 4423 890 4490 indentatorum
922 4425 1164 4510 praedictorum.
1212 4425 1260 4491 Et
1282 4427 1357 4492 ideo
1379 4427 1475 4493 robis

418 4524 613 4588 mandamus
648 4525 734 4610 quod
759 4525 846 4592 circa
867 4527 1038 4612 praemissa
1070 4526 1248 4615 diligenter
1280 4528 1472 4608 intendatis,

815 4686 821 4718 ι
840 4689 993 4744 emmim,
1005 4687 1061 4739 Hs-
