3350 5800
587 926 876 977 caururmmrsus.
1217 912 1261 983 67

199 1138 328 1195 ramus,
362 1118 452 1205 quod
486 1118 700 1204 praesentaeio
734 1117 833 1183 dictae
857 1115 1024 1183 Oantariae
1055 1136 1130 1181 curn
1161 1136 1259 1183 vaca·

201 1222 303 1298 verit,
326 1222 422 1287 nobis
445 1226 507 1287 aut
536 1218 776 1286 successoribus
799 1219 932 1296 nostris,
955 1223 1016 1283 aut
1038 1218 1124 1284 Sede
1146 1218 1260 1285 Eccle-

202 1322 262 1387 siae
290 1322 543 1389 Cantuariensis
564 1327 705 1388 vacante
728 1321 836 1385 Priori
870 1326 906 1385 et
929 1320 1086 1407 Capitulo
1110 1321 1258 1406 ejusdem

203 1420 368 1504 Ecclesia,
384 1424 546 1503 facienda,
568 1424 611 1489 ad
633 1423 811 1510 praefatum
827 1422 1098 1487 Bartholomeum
1121 1422 1258 1488 heredes

203 1530 265 1589 aut
297 1526 483 1613 assignatos
516 1546 600 1602 suos,
634 1524 833 1609 collacioqne
866 1523 1015 1608 ejusdem
1048 1523 1093 1589 ad
1125 1546 1186 1589 nos
1223 1530 1265 1590 et

204 1646 405 1693 successores
437 1648 523 1704 suos,
554 1648 629 1693 curn
663 1647 735 1692 eam
758 1646 877 1691 vacare
907 1626 1095 1712 contigerit,
1118 1625 1258 1691 alternis

204 1726 335 1793 vicibus
370 1728 608 1813 pertinebunt;
649 1732 684 1791 et
717 1727 805 1811 quod
849 1725 986 1791 collacio
1021 1726 1188 1792 Oantariae
1219 1727 1256 1791 in

202 1831 312 1915 prima
333 1832 509 1898 vaeacione
540 1830 686 1917 ejusdem
716 1830 761 1895 ad
781 1850 842 1895 nos
864 1828 918 1894 vel
949 1850 1149 1895 successores
1179 1851 1256 1897 nos·

202 1936 274 1997 tros
305 1934 490 2018 pertineat;
521 1934 600 2018 quia
631 1932 818 2017 assignatus
851 1929 934 1995 dieti
957 1930 1182 1997 Bartholomei
1211 1932 1255 1997 ad

203 2032 311 2117 ipsam
334 2032 527 2099 Cantariam
561 2038 642 2099 tunc
664 2036 840 2097 vacantem
869 2033 1086 2118 praesentavit
1117 2033 1255 2099 eandem

203 2140 420 2222 occupantem
458 2137 495 2200 in
531 2135 697 2221 praesenti.
765 2134 903 2199 Jurabit
939 2134 1075 2220 insuper
1111 2135 1255 2220 quilibet

204 2235 407 2322 Capellanus
429 2238 578 2322 ejusdem
605 2236 782 2317 Oantariae,
808 2237 845 2300 in
875 2236 1073 2301 admissione
1105 2258 1165 2302 sua
1196 2260 1255 2303 seu

203 2337 381 2404 collacione
415 2338 481 2403 sibi
507 2338 668 2416 facienda,
692 2337 921 2403 ordinationes
950 2338 1047 2403 diotae
1078 2336 1254 2417 Cantante,

203 2446 240 2505 et
277 2440 410 2527 singula
447 2446 603 2507 contenta
640 2440 676 2504 in
715 2439 847 2520 eisdem,
881 2439 1024 2504 fideliter
1062 2440 1256 2520 observare;

203 2540 352 2627 alioquin
384 2541 456 2627 ejus
489 2541 653 2619 admissio,
686 2540 830 2619 collacio,
854 2545 889 2605 et
922 2541 1096 2606 institucio
1129 2543 1255 2607 nullius

202 2644 338 2729 penitus
369 2644 415 2709 sit
450 2643 618 2709 momenti
674 2642 716 2707 In
750 2664 890 2727 quorum
924 2645 1073 2708 omnium
1105 2645 1255 2710 testim·

204 2746 299 2809 nium
333 2744 480 2831 sigillum
517 2748 669 2809 nostrum
704 2742 844 2809 fecimus
875 2744 941 2809 hiis
977 2744 1109 2830 apponi
1165 2744 1256 2811 Data

203 2844 295 2932 apud
340 2844 541 2932 Wyngham,
585 2858 650 2910 xv0
704 2844 865 2912 kalendas
910 2845 1121 2925 Novembris,
1166 2868 1255 2913 anno

203 2950 339 3015 Domini
353 2951 609 3026 u0occ⁰uxxvt0‚
624 2952 659 3013 et
681 2949 908 3014 translacionis
922 2955 1044 3015 nostrae
1058 2951 1174 3036 primo.

247 3052 319 3118 Nos
342 3057 456 3118 autem
471 3050 721 3116 Commissarius
743 3051 943 3130 antedictus,
957 3051 1257 3138 supplicacionibus
1268 3068 1324 3120 ‘Ine
1335 3067 1412 3121 eom-

108 3133 110 3139 ·
205 3156 286 3220 dicti
308 3155 446 3221 Domini
468 3153 604 3220 Thomas
627 3153 722 3218 nobis
744 3157 784 3218 ut
810 3154 1029 3239 praemittitur
1042 3154 1139 3219 factis
1162 3154 1257 3219 ineli·
1271 3135 1429 3254 bffi'dn.

204 3262 323 3324 nantes
367 3263 402 3322 et
439 3261 633 3334 annuentes,
678 3255 783 3322 dictas
820 3256 951 3322 litteras
1000 3257 1177 3342 originales
1220 3280 1259 3324 ac

204 3381 317 3426 earum
340 3358 449 3445 sigilla
482 3359 539 3437 eis,
562 3363 602 3422 ut
625 3357 811 3443 praefertur,
844 3358 1007 3444 apposita,
1037 3358 1259 3444 palpavimus,

202 3461 417 3548 inspeximus,
451 3463 485 3523 et
507 3459 770 3524 examinavimus
801 3459 985 3544 diligenter,
1008 3464 1043 3526 et
1074 3462 1154 3546 quia
1175 3484 1260 3549 prae·

204 3565 290 3629 latas
313 3563 442 3628 litteras
476 3583 544 3628 non
566 3581 665 3638 rasas,
688 3581 756 3624 non
778 3560 929 3638 abolitas,
964 3583 1032 3627 non
1054 3563 1260 3641 cancellatas,

204 3685 264 3732 neo
287 3665 322 3729 in
346 3664 457 3751 aliqua
486 3665 582 3748 parte
605 3681 720 3726 earum
742 3661 890 3738 viciatus,
913 3664 971 3727 sed
993 3666 1085 3729 omni
1106 3666 1192 3731 vicio
1224 3672 1259 3733 et

205 3765 391 3852 suspicione
437 3765 582 3830 sinistris
644 3769 797 3830 carentes
841 3764 1040 3845 invenimus,
1086 3789 1128 3832 ne
1167 3769 1258 3834 dioto

206 3869 351 3936 Domino
374 3867 518 3944 Thomae,
549 3871 686 3953 propter
708 3865 854 3953 pericula
877 3888 934 3932 seu
957 3889 1052 3934 casus
1082 3871 1258 3954 praedictos

206 3993 264 4038 seu
302 3969 447 4054 aliquem
485 3968 671 4045 eorundem,
717 3967 899 4052 dampnum
936 3968 991 4034 vel
1029 3971 1258 4056 praejudicium

202 4073 339 4161 aliquod
361 4073 574 4156 imposterum
589 4073 776 4155 generetur,
797 4069 841 4132 od
856 4090 986 4134 omnem
996 4069 1085 4154 juris
1107 4074 1260 4139 effectum

205 4177 263 4262 qui
287 4175 365 4239 inde
382 4173 476 4258 sequi
499 4171 623 4256 poterit
638 4169 693 4236 vel
715 4171 752 4234 in
774 4192 850 4236 casu
867 4172 1094 4238 verisimiliter
1115 4175 1259 4254 debebit,

204 4278 404 4346 auctoritate
435 4279 557 4351 nostra,
590 4274 745 4360 praefatas
775 4273 906 4338 litteras
939 4276 1116 4362 originales
1150 4279 1258 4363 publi.

205 4381 363 4456 commus,
397 4382 433 4443 et
453 4380 585 4442 tantam
606 4375 706 4440 fidem
740 4375 959 4460 praesentibus
980 4377 1103 4444 litteris
1135 4380 1259 4446 nostris

205 4485 276 4548 sive
298 4482 508 4562 transumpto
531 4477 617 4543 sicut
638 4475 805 4563 praedietis
827 4475 950 4541 litteris
972 4479 1198 4564 originalibus,
1221 4483 1259 4547 in

204 4586 368 4670 qnantum
391 4580 528 4664 dejure
549 4579 728 4664 potuimus,
760 4577 902 4642 ubilibet
929 4579 1153 4647 adhibendam
1186 4584 1259 4650 fore

205 4684 432 4760 decrevimus3
477 4702 537 4767 per
567 4679 765 4767 Magistrum
807 4678 917 4744 Adam
954 4680 1051 4767 Body
1087 4684 1259 4770 publicum

205 4785 384 4874 apostolica
422 4783 621 4851 auctoritate
658 4781 824 4848 notarium
863 4783 1038 4864 transumi,
1067 4786 1258 4872 exemplari,

1056 4907 1175 4968 ut·
