3350 5800
396 852 437 914 68
857 868 990 916 urrann

394 1049 561 1127 subscribi,
585 1054 620 1113 et
652 1048 688 1113 in
711 1049 797 1113 hano
819 1048 988 1133 publicam
1012 1049 1154 1114 formam
1178 1047 1295 1133 redigi,
1318 1051 1354 1111 et
1383 1046 1454 1130 ejus

393 1148 488 1235 signo
525 1162 680 1215 consueto
711 1150 836 1234 signari
874 1148 1108 1213 mandavimus
1146 1153 1182 1213 et
1219 1147 1378 1224 fecimus;
1415 1166 1454 1209 ac

392 1249 493 1335 sigilli
515 1248 614 1315 officii
636 1250 750 1325 nostri,
773 1248 940 1328 videlicet,
968 1249 1250 1315 commissariatus
1274 1247 1455 1314 Cantuari·

391 1351 477 1415 ensis
499 1352 662 1437 generalis
696 1351 837 1417 fecimus
869 1352 1073 1437 appensione
1106 1350 1240 1415 muniri.
1295 1348 1387 1412 Data
1418 1352 1454 1410 et

390 1457 473 1529 acta,
496 1457 536 1516 ut
559 1454 754 1538 praemittur‚
776 1474 835 1539 per
857 1474 918 1517 nos
941 1452 1214 1519 Commissarium
1245 1450 1454 1516 antedictum

392 1553 429 1617 in
468 1552 601 1637 Capella
634 1554 813 1631 antedicta,
860 1554 967 1638 primo
1001 1553 1055 1616 dia
1090 1553 1213 1617 mensis
1249 1549 1453 1626 Decembris,

393 1676 481 1719 anno
515 1654 651 1719 Domini
690 1672 781 1720 Mcoc
819 1654 1034 1739 nonagesimo
1078 1655 1230 1739 septimo,
1267 1652 1454 1717 indiccione

393 1757 575 1834 sextatis,
604 1757 824 1843 praesentibus
856 1756 1010 1822 diseretis
1044 1757 1128 1820 viris
1159 1756 1288 1821 Thoma
1320 1755 1454 1819 Bourne

392 1858 514 1937 clerico,
549 1864 583 1923 et
606 1858 748 1924 Ricardo
781 1857 877 1922 Fissh
908 1856 1050 1935 literato,
1082 1857 1335 1924 Cantuariensis
1369 1857 1452 1920 dioe-

392 1962 480 2038 cesis,
518 1961 659 2026 testibus
697 1961 741 2025 ad
797 1962 968 2047 praemissa
1013 1961 1141 2025 vocatis
1190 1959 1379 2044 specialiter
1417 1963 1454 2021 et

392 2060 524 2148 rogetis.

252 2318 357 2435 ³¹3³&ss
394 2326 567 2393 tes-De
601 2342 741 2393 nuosus
773 2341 898 2391 ruanis
930 2338 1172 2388 summanum
1208 2338 1248 2386 nr
1282 2321 1454 2385 Ennnosr·

332 2422 338 2435 '
548 2446 624 2494 usn
661 2430 841 2493 Eccaasrn
881 2425 1029 2491 Osarsrr
1071 2424 1361 2490 Omrumrmsrs
1406 2437 1455 2485 ns

236 2488 378 2610 criftisif't'
549 2529 724 2595 Conanaro
748 2528 896 2595 Seuera
919 2527 1124 2591 Tmunarrs
1148 2543 1196 2590 nn
1220 2527 1422 2591 Bssnssan

222 2673 364 2753 The‘Prior
437 2692 583 2758 Praesens
618 2693 797 2757 indentura
829 2697 983 2769 testatur,
1016 2691 1108 2776 quod
1130 2692 1221 2754 inter
1245 2689 1453 2755 venerabiles

222 2768 369 2884 ffiffip‘
393 2798 426 2857 et
460 2792 628 2880 religiosos
666 2793 754 2858 viros
792 2793 963 2871 Thomam,
1004 2798 1073 2871 etc,
1107 2791 1256 2856 Priorem
1295 2790 1452 2857 Ecclesiae

222 2899 373 2976 themselves
394 2892 641 2960 Cantuariensis
664 2901 698 2960 et
720 2894 868 2979 ejusdem
891 2894 956 2959 loci
979 2892 1176 2979 Capitulum
1199 2898 1367 2978 exparte
1384 2913 1453 2956 una

225 2979 370 3095 {gamos
392 3001 426 3060 et
441 2996 621 3060 Dominum
638 2995 826 3060 Johannem
851 2995 1036 3060 Promhclle
1060 2993 1282 3079 capellanum
1308 2993 1451 3079 Collegii

225 3097 368 3148 ahmdreu
391 3095 613 3162 Sanctissimae
636 3096 812 3161 Trinitatis
828 3099 870 3160 de
886 3097 1062 3181 Bredgare,
1088 3096 1344 3161 Cantuariensis
1367 3096 1453 3159 dioe·

224 3164 479 3304 {iffiffiycesis
512 3217 549 3261 ac
581 3196 742 3260 Thomam
772 3197 905 3273 Webbe,
930 3204 965 3262 et
987 3197 1149 3261 Thomam
1174 3197 1293 3276 Monk,
1315 3197 1452 3263 clericos

223 3293 379 3370 menania
392 3303 427 3362 et
457 3297 596 3362 scolares
630 3296 759 3382 collegii
793 3299 955 3381 praedicti,
979 3303 1141 3382 exparte
1164 3297 1282 3377 altera,
1305 3319 1450 3363 conven-

222 3358 347 3491 ffimy
392 3404 464 3462 tum
489 3403 538 3462 est
562 3403 595 3462 et
618 3399 874 3478 concordatum3
904 3399 993 3483 quod
1015 3399 1149 3483 praefati
1172 3398 1269 3464 Prior
1292 3405 1328 3464 et
1352 3398 1451 3485 Capi·

225 3490 317 3605 ἓΰξθῗῑ
329 3499 379 3542 ”¹⁰
391 3499 499 3563 tulum
533 3503 567 3562 ct
605 3519 717 3562 eorum
749 3520 951 3565 successores
989 3499 1073 3564 duos
1110 3519 1275 3584 pauperes
1307 3500 1452 3577 clericos,

223 3570 369 3672 niminiiiu
392 3599 485 3663 bonae
530 3600 610 3664 vitae
648 3604 683 3664 et
728 3599 990 3664 conversacionis
1027 3599 1187 3676 honestae,
1222 3606 1453 3686 competenter

223 3688 258 3748 ¹³5
267 3686 380 3754 ΜΨ
392 3700 498 3785 legere
530 3707 563 3763 et
597 3700 796 3766 versiculum
830 3702 1014 3765 cursorium
1046 3708 1182 3766 cantare
1217 3703 1368 3778 scientes,
1393 3726 1452 3788 per

329 3791 335 3804 ’
394 3799 607 3884 Capelianum
640 3807 674 3865 et
704 3801 852 3866 Scolares
887 3801 1027 3886 Collegii
1063 3802 1243 3888 praedictus
1271 3824 1452 3889 eorumque

391 3921 597 3977 successores,
631 3901 730 3965 simul
765 3902 819 3966 vel
852 3903 1043 3980 successive,
1079 3902 1234 3988 praefatis
1271 3903 1380 3969 Priori
1417 3913 1451 3971 et

392 4001 545 4086 Capitulo
579 4003 834 4086 praesentandos,
873 4004 910 4065 in
943 4004 1049 4068 socios
1089 4003 1344 4071 Elemosinariae
1382 4031 1451 4072 sua

392 4101 591 4178 Cantueriae,
623 4123 660 4166 ac
692 4102 735 4166 ad
758 4101 918 4168 alimenta
940 4104 1144 4190 pauperibus
1169 4105 1354 4172 scolaribus
1377 4110 1451 4174 Ele·

392 4203 578 4268 mosinariae
613 4204 780 4288 praedictae
819 4207 1005 4272 ministrari
1043 4214 1214 4286 consueta,
1246 4210 1451 4289 admittent;

391 4303 583 4388 praefatique
614 4303 708 4368 Prior
738 4312 773 4369 et
797 4306 988 4392 Capitulum
1021 4315 1056 4374 et
1087 4332 1292 4376 successores
1314 4312 1369 4376 sui
1391 4312 1450 4377 ali·

390 4408 502 4467 menta
536 4404 576 4467 de
611 4403 707 4469 bonis
729 4406 798 4470 suis
821 4407 903 4492 ipsis
925 4408 973 4475 sic
1007 4413 1222 4494 praesentatis
1258 4417 1294 4476 et
1328 4413 1451 4477 admis-

389 4506 445 4582 sis,
479 4525 647 4588 quousque
680 4526 792 4570 eorum
825 4514 966 4594 uterque
998 4511 1123 4596 viginti
1156 4517 1305 4597 quatuor
1339 4516 1451 4579 aetatis

389 4627 457 4669 suae
490 4625 594 4668 annos
625 4605 849 4692 compleverit,
884 4611 920 4673 in
955 4612 1029 4696 ipsa
1064 4613 1319 4692 Elemosinaria,
1351 4624 1451 4700 prout

388 4704 547 4770 hactenus
582 4705 656 4770 aliis
690 4709 894 4793 pauperibus
932 4713 1118 4779 scolaribus
1152 4715 1255 4782 dictas
1286 4715 1450 4784 Elemosi-
