3350 5800
624 916 915 969 circumrorans.
1250 902 1293 972 75

230 1086 269 1153 in
291 1089 363 1154 suis
385 1090 600 1177 magnalibus
632 1090 818 1157 collaudate
852 1092 917 1176 piis
950 1092 1113 1179 precibus
1137 1092 1207 1178 ejus
1228 1094 1294 1161 ele·

234 1191 399 1257 mantiam
424 1192 641 1278 implorantes
664 1197 703 1257 ut
725 1192 820 1279 Regi,
844 1214 957 1279 regno,
979 1195 1075 1260 nobis
1090 1201 1124 1261 et
1139 1196 1294 1263 Ecclesiae

236 1312 353 1378 pacem
384 1298 421 1358 et
453 1294 601 1379 quietem
638 1293 776 1371 tribuat,
799 1300 967 1380 ‚actmque
1000 1301 1131 1362 nostros
1163 1296 1294 1385 dirigat,

237 1396 328 1461 mala
361 1395 569 1473 submoveat,
603 1396 756 1481 bonaque
788 1394 886 1461 nobis
918 1402 952 1461 et
984 1398 1081 1463 vobis
1118 1398 1295 1485 profutura

239 1500 409 1580 concedat,
433 1500 553 1565 adsui
587 1499 731 1565 nominis
763 1499 908 1586 gloriam
940 1506 976 1565 et
1007 1502 1176 1569 honorem.
1221 1504 1294 1572 Nec

239 1606 354 1669 tamen
376 1624 398 1668 a
431 1603 591 1667 memoria
628 1608 743 1669 nostra
781 1601 933 1669 decidere
970 1604 1102 1689 poterit,
1134 1626 1193 1669 seu
1226 1628 1295 1671 me-

239 1704 377 1769 minisse
409 1704 608 1780 desinemus,
630 1702 716 1768 illud
739 1702 846 1767 altum
868 1724 974 1789 genus
997 1704 1181 1772 affectionis
1203 1709 1292 1791 quod

234 1806 309 1891 jam
332 1806 521 1891 nuperrime
544 1805 639 1871 uobis
662 1809 850 1871 monstrare
872 1806 1034 1885 curastis;
1057 1810 1105 1884 ut,
1128 1808 1293 1888 videlicet,

239 1906 394 1973 auditisl
449 1907 515 1973 hiis
565 1907 705 1973 novellis
751 1906 884 1983 nostris,
931 1908 1077 1994 periculo
1131 1911 1295 1995 personali

240 2014 391 2079 vestrum
439 2009 700 2095 quamplurimos
748 2009 928 2074 vehemens
964 2010 1108 2076 attraxit
1151 2012 1296 2093 affectio,

239 2110 333 2197 quol
354 2112 478 2177 nedum
508 2109 715 2177 orationibus
749 2111 808 2175 aed
843 2110 925 2197 ipsis
958 2132 1133 2198 corporum
1165 2114 1295 2180 viribus

241 2212 394 2280 conferre
433 2211 609 2299 potueritis
655 2212 845 2277 securitatis
889 2212 1098 2297 praesidium
1145 2221 1293 2282 nostram

241 2314 455 2401 praeentiam
477 2314 570 2381 adire
593 2313 757 2399 disposuit
781 2318 893 2379 vestra
915 2319 1014 2400 grata
1037 2316 1220 2395 sinceritas,
1235 2340 1296 2385 nec

239 2415 411 2483 laboribus
434 2415 598 2501 parcendo
621 2436 681 2479 neo
703 2414 879 2501 angustiis,
903 2416 1001 2500 quod,
1016 2417 1044 2480 si
1067 2416 1181 2483 forsan
1200 2425 1297 2485 extra

239 2518 422 2585 claustrum
471 2516 541 2581 haec
590 2514 698 2581 iacere
745 2515 936 2581 voluissetis
974 2516 1032 2601 qui
1079 2518 1116 2582 iu
1153 2519 1296 2587 claustro

240 2618 363 2697 fuistis,
386 2618 532 2685 claustra
563 2639 631 2683 non
664 2618 903 2695 deseruissetis,
926 2638 1001 2684 cum
1035 2620 1190 2688 affectata
1220 2645 1295 2709 pro-

240 2723 344 2789 tectio
382 2721 519 2787 claustri
556 2720 726 2787 custodem
760 2718 868 2785 solum
898 2721 1062 2807 respiciat,
1086 2745 1147 2790 uec
1183 2725 1296 2793 abesse

239 2824 384 2900 videtur,
411 2822 468 2908 qui
499 2822 597 2887 rebus
630 2821 779 2887 honestis
815 2827 851 2889 et
885 2825 1071 2909 praesertim
1103 2828 1295 2894 necessariis

240 2925 389 2994 intendit
407 2924 536 3011 jugiter
558 2929 620 2989 aut
642 2922 793 2990 insistit.³
837 2925 884 2990 Et
907 2926 1042 3010 quidem
1074 2948 1135 3013 pro
1169 2930 1294 3008 multis,

238 3029 299 3094 sed
321 3049 381 3114 pro
404 3026 466 3092 bae
499 3025 716 3112 gratitudinis
752 3025 958 3092 exhibitione
981 3027 1078 3092 vobis
1109 3031 1295 3116 specialiter

241 3129 425 3218 gratiarum
456 3126 630 3192 referimus
663 3127 817 3194 actiones.
865 3127 910 3191 Et
932 3127 1132 3194 fiducialiter
1162 3132 1295 3199 scribite

241 3231 338 3298 nobis
359 3236 472 3296 vestra
502 3228 673 3306 desideria,
697 3229 827 3314 etipsa
861 3228 1091 3296 libentissimis
1125 3232 1295 3300 desideriis

242 3334 409 3400 iaciemus.
457 3331 626 3418 Scriptum
650 3331 686 3394 in
709 3331 806 3396 domo
821 3329 1041 3399 habitacionis
1064 3339 1186 3402 nostrae
1208 3335 1296 3403 Iron-

245 3436 361 3514 doniae,
384 3435 509 3502 decimo
532 3433 585 3498 die
608 3433 768 3499 Januarii.

424 3737 600 3808 err-Dr
622 3737 813 3830 Hosmrarr
837 3737 966 3805 siren
988 3739 1123 3809 Jacoar
1332 3763 1448 3882 aplppne

288 3903 481 3970 Alexander
511 3903 701 3988 Episcopus,
725 3921 842 3966 servus
876 3922 1046 3968 servorum
1068 3903 1141 3982 Dei,
1164 3906 1293 3975 dilectis
1308 3920 1458 3987 (eopiecin

243 4009 323 4077 filiis
346 4007 452 4071 Priori
475 4010 509 4070 et
533 4003 724 4070 Conventui
747 4003 903 4070 Ecclesiae
926 4004 1052 4071 Christi
1076 4005 1294 4078 cantuarien·
1308 3989 1432 4118 ἔξω.)

245 4109 299 4190 sis,
332 4108 468 4174 Ordinis
506 4105 621 4172 Sancti
660 4105 844 4182 Benedicti,
878 4106 1028 4185 salutem,
1062 4114 1123 4175 etc.
1171 4111 1295 4182 Peticio
1308 4145 1339 4195 B.
1351 4150 1400 4196 42⁶
1412 4163 1438 4197 a.

245 4215 357 4277 vestra
392 4208 487 4275 nobis
526 4206 677 4274 exhibita
714 4207 916 4286 continebat,
958 4210 1056 4293 quod,
1093 4211 1172 4278 licet
1208 4215 1296 4280 bona
1309 4269 1413 4320 Thero

246 4313 373 4377 Domus
404 4309 590 4396 Hospitalis
624 4307 739 4374 Sancti
772 4307 890 4376 Jacobi
925 4310 1125 4393 cantuariae,
1158 4316 1202 4380 ad
1236 4336 1384 4386 vasaten
1397 4287 1450 4387 lii.

246 4413 433 4480 immediate
456 4411 645 4496 spectantis,
662 4431 737 4496 quae
760 4409 822 4474 sub
845 4410 1007 4497 regimine
1029 4419 1141 4480 vestro
1164 4422 1199 4481 et
1216 4401 1460 4484 martianus

325 4515 332 4530 .
369 4514 376 4529 .
469 4513 476 4526 .
1060 4515 1067 4530 ,
1309 4467 1461 4531 emptores

247 4518 405 4590 consistit,
426 4511 542 4578 usibus
565 4512 734 4577 duntaxat
769 4533 953 4598 pauperum
987 4515 1164 4582 mulierum
1188 4519 1294 4605 lepro·
1309 4533 1396 4584 cudat

1310 4598 1426 4664 Ghnrch,

282 4761 387 4826 suppa,
397 4763 457 4816 ΜΒ,
828 4761 914 4813 ⁸‘l'his
924 4770 983 4828 part
1000 4765 1029 4815 oi
1047 4766 1091 4817 the
1106 4769 1182 4819 letter
1197 4768 1218 4819 is
1236 4787 1299 4839 very

282 4841 394 4908 rqmip
796 4842 912 4901 obscure,
923 4842 1038 4907 possibly
1049 4845 1226 4911 intentionally
1237 4865 1274 4899 so.
