3350 5800
394 850 457 913 lta
853 862 987 912 areana

392 1050 435 1115 ad
458 1054 539 1117 tunc
561 1056 742 1137 presentes
774 1057 809 1118 et
842 1050 1060 1136 obsequentes
1093 1070 1233 1127 eramus,
1257 1049 1451 1137 gratissima

393 1159 513 1220 vestrae
536 1153 761 1220 fraternitatis
776 1159 812 1219 et
834 1152 1055 1220 humanitatis
1078 1152 1200 1220 solatia
1214 1158 1267 1219 est
1281 1158 1449 1240 expertae,

392 1261 426 1321 et
448 1277 508 1321 nos
532 1278 661 1341 quoque
685 1256 944 1342 experiebamur‚
959 1276 1019 1342 pro
1042 1255 1164 1341 quibus
1186 1256 1311 1343 gratias
1333 1256 1449 1321 refun-

392 1355 501 1421 dimus
539 1357 638 1443 plena
674 1358 800 1441 mente)
847 1356 968 1422 babere
1017 1355 1201 1442 dignemini
1239 1356 1375 1421 sinceris
1413 1359 1450 1419 et

391 1458 626 1525 fraternalibus
649 1460 801 1545 precibus
824 1459 1071 1525 recommissum
1083 1479 1091 1538 ;
1123 1458 1182 1523 sed
1204 1463 1240 1525 et
1261 1458 1343 1523 alios
1365 1477 1448 1543 quo·

273 1630 278 1637 ,
391 1582 456 1647 que
480 1566 602 1627 nostrae
625 1562 890 1649 congregationis
912 1562 1040 1639 fratres,
1064 1560 1229 1639 videlicet,
1245 1560 1447 1637 Johaunem,

392 1662 605 1742 Willelmum,
620 1662 790 1740 Thomam,
807 1662 1022 1750 Suppriores;
1046 1661 1267 1740 Willelmum,
1277 1662 1448 1739 Thomam,

392 1764 501 1832 Sacrae
533 1766 720 1853 Theologiae
758 1764 979 1845 Professores;
1016 1765 1215 1845 Jobannem,
1249 1764 1449 1843 Johannem,

392 1866 631 1947 Praecentoree3
654 1867 852 1944 Johannem,
883 1866 1095 1945 Willelmnm,
1130 1867 1301 1945 Thomam,
1332 1867 1448 1933 Ricar-

392 1968 481 2045 dum,
504 1968 540 2033 in
563 1968 750 2055 Theologia,
773 1969 796 2034 J
798 1990 857 2035 ure
886 1970 1043 2035 canonico
1066 1974 1101 2035 et
1123 1968 1226 2048 civili,
1247 1969 1449 2056 graduatos;

391 2067 604 2147 willelmum,
637 2069 854 2157 Stephanum,
887 2070 1084 2148 «Iohannem,
1113 2071 1311 2153 «iohannem,
1333 2071 1447 2137 Ricar-

391 2170 481 2249 dum,
512 2170 685 2250 Thomam,
721 2170 931 2252 Nicholaum,
962 2172 1161 2250 iohannem,
1191 2172 1388 2252 Jobannem,
1412 2178 1448 2239 et

391 2271 560 2351 Thomam,
583 2274 833 2341 commonachos
856 2280 978 2341 nostra
1000 2275 1265 2363 congregationis
1277 2296 1285 2355 ;
1308 2281 1450 2342 ceteros-

396 2395 460 2460 que
482 2374 604 2443 iratres
626 2382 661 2441 et
683 2374 864 2443 familiares
886 2382 1019 2443 nostros
1042 2376 1102 2463 qui
1117 2377 1161 2443 ab
1184 2382 1262 2443 ortu
1284 2378 1448 2443 bellorum

391 2477 435 2543 ad
457 2476 548 2545 hunc
570 2478 657 2545 diem
679 2479 723 2544 ab
747 2478 807 2545 bac
830 2478 903 2545 luce
925 2480 970 2546 ad
984 2478 1095 2545 Deum
1118 2480 1439 2566 transmigraverunt

392 2580 513 2645 vestris
546 2581 785 2647 devotionibus
822 2583 1107 2662 commendamus3
1145 2581 1368 2669 supplicantes
1390 2583 1446 2647 fir-

391 2682 535 2747 missime
558 2683 594 2747 in
616 2682 797 2749 visceribus
812 2682 836 2749 J
837 2706 896 2751 esu
910 2684 1037 2751 Christi
1069 2690 1192 2751 nostra
1214 2683 1448 2763 fraternitatis,

386 2782 459 2871 jam
493 2788 660 2851 renovatae
699 2790 733 2852 et
770 2786 986 2864 resuscitatae,
1014 2786 1226 2852 devotionem
1264 2787 1448 2853 stabilitate

390 2893 551 2974 perpetua
581 2887 776 2976 prolongari.
833 2888 930 2970 Quod
961 2892 1074 2956 autem
1108 2890 1244 2976 insuper
1278 2890 1447 2976 petivistis

391 2989 432 3056 de
455 2995 546 3055 statu
569 2990 730 3056 bonorum
752 2995 938 3057 vestrorum
971 2992 1154 3070 nobiscum,
1177 2993 1333 3059 Ecclesiae
1354 2993 1447 3058 vide·

390 3089 469 3156 licet
491 3091 532 3156 de
556 3089 730 3177 Ohylbam,
754 3096 789 3158 et
812 3093 930 3158 ceteris
952 3094 1145 3160 certiorari:
1176 3095 1310 3161 noverit
1332 3099 1447 3161 vestra

392 3193 586 3272 reverentia,
611 3193 698 3280 quod
721 3193 858 3260 eeclesia
879 3195 921 3261 de
944 3194 1112 3281 Chylham
1135 3218 1211 3263 cum
1233 3198 1447 3282 pertinentiis

387 3295 460 3383 jam
494 3297 639 3361 situatur
669 3295 712 3360 ed
746 3295 877 3362 firmam
914 3297 1089 3363 annuatim
1125 3319 1186 3384 pro
1225 3299 1448 3385 quadraginta

391 3399 519 3476 marcis,
542 3403 577 3462 et
600 3396 736 3463 ecclesia
758 3398 799 3463 de
823 3397 967 3485 'l'rulega
997 3399 1215 3465 consimiliter
1236 3400 1279 3466 ad
1301 3401 1446 3466 eandum

391 3521 562 3577 summam,
585 3498 720 3566 ecclesia
754 3521 885 3586 quoque
918 3501 990 3568 sive
1023 3501 1214 3587 capellada
1237 3502 1378 3568 Molesco
1401 3504 1446 3568 ad

391 3602 578 3689 quindecim
613 3622 738 3668 marcas
768 3608 901 3668 monete
933 3603 1128 3691 Anglicanae
1159 3603 1346 3671 dimittitur
1381 3605 1447 3671 hiis

394 3703 520 3770 diebus.
567 3701 713 3770 Sciatis¹
751 3702 863 3780 etiam,
903 3705 1083 3771 assertione
1121 3705 1320 3784 firmissima,
1357 3708 1448 3793 quod

392 3806 577 3893 gaudentes
614 3804 798 3882 referimus,
836 3806 926 3891 quod
964 3827 1063 3892 super
1100 3807 1290 3886 donatione,
1327 3829 1448 3896 appro-

389 3907 564 3993 priatione,
588 3907 801 3992 possessione,
824 3910 860 3971 et
886 3908 1146 3986 confirmatione,
1168 3909 1272 3975 trium
1294 3910 1446 3977 ecclesia·

390 4029 465 4074 rum
514 4013 701 4074 vestrarum
751 4009 996 4096 praedictarum,
1034 4011 1077 4076 ad
1126 4017 1274 4076 vestrum
1316 4033 1445 4080 meram

390 4111 599 4178 Conventum
659 4111 881 4177 venerabilem
934 4113 1183 4199 pertinentium,
1228 4115 1446 4194 munimenta,

391 4212 590 4293 evidentias,
630 4219 664 4279 et
712 4215 872 4302 rescripta
918 4235 1142 4300 quaecumque,
1181 4214 1375 4301 planissima
1412 4223 1448 4282 et

389 4314 580 4402 plenissima
602 4320 637 4380 et
659 4314 773 4394 illaesa,
795 4315 832 4380 in
862 4315 1007 4383 archivis
1041 4321 1163 4382 nostrae
1195 4315 1446 4384 cantuariensis

391 4418 553 4496 Ecclesiae,
578 4417 765 4483 cumomni
796 4417 904 4483 tutela
927 4438 994 4503 qua
1027 4423 1062 4482 et
1092 4422 1208 4483 nostra
1239 4419 1446 4484 servavimus

390 4522 533 4608 propria,
556 4519 715 4584 habemus
738 4517 928 4584 fidelissime
950 4519 1070 4584 vestris
1093 4519 1217 4598 usibus,
1232 4541 1309 4586 cum
1332 4541 1373 4586 ea
1386 4543 1447 4608 per

833 4769 840 4800 ¹
854 4769 947 4830 scida,
958 4771 1017 4822 MS.
