3350 5800
605 865 897 915 CANTUARIENSES.

217 1390 491 1465 APPENDIX
530 1388 595 1463 OF
635 1386 955 1463 DOOUMENTS
996 1386 1278 1460 ILLUSTRA-

318 1502 447 1578 'PING
499 1501 607 1575 THE
662 1499 968 1575 PREOEDING
1030 1498 1277 1585 LETTERS,

321 1612 610 1691 GATHERED
650 1610 794 1686 FROM
832 1609 1062 1685 SOUROES
1100 1610 1278 1685 OTHER

320 1728 470 1804 ΤΗΑΝ
497 1726 603 1801 ΤΗΕ
633 1722 1039 1799 usurus-BOOKS.

222 2068 580 2139 1.-[Oonrosrnornrun
603 2064 738 2121 Donrnos
766 2064 1008 2120 Ancumrrsoosos
1035 2062 1276 2121 cinnomo-sn
1339 2058 1399 2104 1⁰⁷²·

606 2166 641 2207 ur
657 2146 891 2216 monacensem]
1287 2132 1431 2229 pupinus.

259 2287 347 2342 Anno
363 2287 401 2342 nb
426 2284 625 2343 incarnatione
644 2283 763 2341 Domini
787 2284 881 2339 nostri
899 2282 972 2338 Jesn
991 2282 1102 2339 Christi
1119 2285 1276 2343 millesimo
1289 2283 1427 2377 ffiffi

224 2374 438 2443 septuagesimo
465 2370 601 2435 secundo,
628 2368 816 2441 pontificatus
846 2373 945 2423 antem
971 2366 1090 2422 Domini
1116 2366 1276 2426 Alexandri
1288 2385 1330 2429 the
1338 2384 1410 2427 limita
1419 2346 1446 2428 oi

224 2454 312 2525 Papus
329 2455 495 2520 undecimo,
513 2452 599 2525 regni
626 2468 696 2507 vero
713 2450 844 2506 wilelmi
870 2447 990 2519 gloriosi
1012 2450 1092 2520 regis
1110 2451 1275 2524 Anglornm
1287 2434 1437 2537 fflffin

225 2542 256 2590 et
273 2537 363 2592 Ducis
380 2538 652 2593 Northmannorum
678 2539 771 2597 sexto,
797 2549 831 2586 ex
858 2536 1003 2603 proeoepto
1031 2530 1162 2603 ejusdem
1188 2536 1276 2592 Alex.
1289 2535 1409 2629 ffifflh·

226 2620 311 2675 andri
340 2622 437 2692 Papae,
466 2624 614 2675 annuente
644 2616 747 2673 eodem
776 2633 857 2687 rege,
884 2617 916 2671 in
941 2617 1097 2688 praessntia
1126 2620 1217 2691 ipsius
1248 2597 1414 2680 etmidgffia

226 2705 435 2776 Episeopornm
461 2710 548 2775 atque
565 2702 725 2767 hbbatum,
746 2701 888 2755 ventilata
912 2706 957 2755 est
983 2718 1071 2757 causa
1094 2703 1131 2759 de
1149 2704 1277 2775 primatu
1289 2684 1452 2787 ffuffiffld

226 2806 313 2861 quem
343 2788 524 2843 [anfi-ancus
554 2786 785 2842 Dorobernensis
814 2786 1060 2857 Archispisoopns
1087 2802 1175 2859 super
1205 2788 1279 2845 Ebo-
1320 2786 1392 2830 iuram
1403 2786 1423 2831 1.

227 2888 379 2928 reeensem
409 2870 571 2927 Ecclesiam
598 2867 666 2940 jure
700 2886 760 2925 suas
787 2868 917 2925 ecelesia
943 2868 1151 2941 proclamabat,
1174 2876 1205 2927 ot
1241 2873 1278 2929 de

229 2955 460 3012 ordinationibus
488 2953 671 3026 quorundam
697 2952 918 3024 Episcoporum‚
943 2952 979 3007 de
1005 2952 1110 3024 quibus
1135 2955 1173 3010 ed
1198 2973 1285 3027 quem

230 3039 396 3112 specialiter
420 3038 605 3111 pertinerent
630 3042 743 3092 cenum
762 3037 886 3091 minime
911 3036 1072 3092 constabat.
1108 3035 1147 3092 Iit
1164 3039 1285 3095 tandem

228 3121 385 3194 aliquando
424 3121 549 3176 diversis
590 3119 773 3176 diversarum
810 3119 1024 3190 scripturarum
1060 3121 1285 3177 auctoritatibus

228 3205 383 3276 probatum
408 3209 496 3275 etque
514 3209 666 3260 ostensum
685 3208 740 3268 est,
760 3203 840 3274 quod
857 3200 1047 3258 Eboraoensis
1064 3202 1196 3259 Ecclesia
1214 3205 1287 3262 Oan-

230 3289 355 3344 turiensi
380 3287 486 3343 debeat
509 3286 671 3358 subjacere,
690 3283 812 3356 ejusque
830 3284 1065 3356 Archiepiscopi,
1094 3291 1128 3341 ut
1146 3287 1285 3344 Primatis

230 3374 322 3428 totius
349 3371 523 3436 Britannis,
542 3369 792 3442 dispositionibus,
812 3369 844 3424 in
871 3369 907 3424 iis
934 3386 998 3440 ques
1024 3369 1062 3424 ad
1088 3369 1287 3428 Christianam

231 3456 405 3525 religionem
443 3453 602 3526 pertinent,
640 3454 673 3508 in
702 3453 838 3508 omnibus
874 3451 1017 3508 oboedire.
1068 3452 1287 3524 Subjectionem

231 3556 301 3595 vero
330 3537 548 3602 Dunelmensis,
587 3536 643 3592 hoo
673 3541 719 3592 est
744 3535 994 3591 Lindisfarneusis
1019 3534 1169 3608 Episcopi,
1200 3542 1288 3609 atque

232 3622 363 3678 omnium
390 3621 544 3692 regionum
562 3637 581 3674 a
597 3619 733 3676 terminis
751 3617 954 3675 Licifeldonsis
979 3618 1118 3690 episcopii
1143 3625 1175 3676 et
1192 3620 1287 3678 Hum-

232 3705 293 3770 bre,
312 3703 415 3775 magni
436 3701 531 3768 fluvii,
559 3702 708 3774 usquead
734 3708 878 3758 extremos
902 3699 1007 3757 Scotino
1038 3701 1119 3767 fines,
1150 3707 1181 3759 et
1205 3705 1287 3775 quio·

234 3788 305 3860 qnid
329 3805 366 3843 ex
397 3787 453 3842 hsc
489 3791 574 3858 parte
608 3784 744 3858 predicti
779 3783 911 3840 fluminis
936 3783 974 3840 ad
1003 3785 1172 3856 parochiam
1212 3788 1287 3846 Iibe-

233 3872 362 3930 raoensis
381 3871 519 3926 Ecclesiae
541 3868 610 3942 jure
628 3870 780 3943 competit,
800 3868 1014 3934 canturiensis,
1034 3871 1285 3943 metropolitanus,

235 3955 412 4012 Eborsoensi
438 3953 667 4026 Arohiepisoopo
691 3951 812 4024 ejusque
837 3951 1052 4008 successoribus
1079 3953 1288 4027 inperpetuum

235 4040 367 4096 obtinere
406 4035 557 4094 concessit
607 4036 656 4091 Ita
684 4038 718 4091 nt
756 4035 782 4090 si
813 4034 1017 4091 canturiensis
1041 4035 1288 4113 Archiepisoopus

235 4122 393 4179 concilium
418 4137 523 4192 cogere
548 4119 686 4185 voluerit,
712 4119 878 4190 ubicunque
904 4118 1001 4174 visum
1031 4119 1059 4175 ei
1087 4121 1185 4188 fuerit,
1214 4124 1287 4180 libo-

235 4205 365 4263 racensis
390 4203 638 4276 Archiepiscopus
667 4202 714 4257 sui
742 4202 939 4274 praeentiam,
970 4220 1037 4258 oum
1066 4205 1202 4262 omnibus
1232 4208 1289 4264 sibi

236 4289 385 4360 subjectis,
405 4286 443 4343 ad
461 4290 566 4341 nutum
590 4284 654 4355 ejus
683 4284 827 4350 exhibeat,
847 4289 878 4340 et
904 4283 968 4355 ejus
992 4288 1139 4345 canonicis
1166 4289 1289 4361 disposi-

237 4371 365 4427 tionibus
393 4369 549 4426 oboediens
573 4367 689 4424 existat.
734 4367 817 4438 Quod
842 4376 943 4425 antem
969 4369 1160 4428 Eboraoensis
1185 4372 1290 4430 Archi·

237 4457 390 4527 episeopus
431 4453 642 4526 professionem
679 4451 868 4509 Centuriensi
909 4453 1139 4526 Archiepisoopo
1182 4457 1290 4525 facere,

238 4539 327 4593 etiam
366 4554 433 4593 cum
470 4541 662 4601 sacramento,
693 4535 807 4600 debeat,
839 4535 1022 4594 Lanirancus
1062 4538 1291 4598 Doroborneusis

238 4620 495 4693 Archiepiscopus,
514 4637 549 4675 ex
567 4620 690 4692 antiqua
713 4624 931 4676 antecessorum
958 4623 1169 4679 consuetudine
1195 4629 1293 4682 osten·

238 4704 300 4768 dit;
319 4703 371 4760 sed
386 4705 424 4760 ob
442 4721 570 4759 amorem
583 4704 675 4773 Regis
687 4703 806 4759 Thomu
818 4703 997 4760 Eboracensi
1008 4703 1237 4780 Archiepiscopo
1249 4727 1293 4766 sa.

238 4794 419 4846 eramentum
432 4787 585 4856 relaxavit,
598 4785 796 4859 scriptamque
808 4792 924 4844 tautum
942 4790 1151 4860 professionem
1171 4794 1291 4866 recepit,
