3350 5800
416 795 480 858 246
870 806 1002 853 larena:

415 994 457 1056 ad
503 992 573 1059 hese
621 994 753 1056 demum
793 992 893 1077 quod,
931 998 971 1056 ut
1008 997 1119 1077 patres
1156 991 1262 1054 nostri
1301 986 1466 1052 memoriae

414 1098 536 1159 nostree
572 1094 791 1170 tradiderunt,
828 1093 1080 1158 Cantuariensis
1112 1092 1259 1157 Ecclesia
1293 1114 1314 1155 a
1346 1089 1466 1153 Sancta

415 1196 564 1261 Romana
588 1202 621 1261 et
644 1197 859 1282 Appostoliea
874 1196 959 1261 Sede
982 1196 1116 1281 speciali
1138 1195 1281 1279 quadam
1303 1212 1467 1278 praeroga·

414 1300 486 1363 tiva
521 1298 706 1363 dilectionis
744 1298 858 1374 foveri,
897 1305 931 1364 et
962 1300 998 1362 in
1036 1296 1309 1363 tribulationibus
1349 1294 1466 1379 quibus

416 1402 531 1465 crebro
556 1402 684 1488 agitata
707 1407 758 1466 est
781 1401 923 1477 delendi,
945 1401 1130 1485 gratiisque
1153 1398 1308 1482 insigniri
1342 1418 1379 1460 ae
1400 1396 1467 1481 pri·

414 1501 553 1587 vilegiie,
577 1504 759 1566 consuevit.
805 1502 880 1565 Hiis
904 1503 1017 1587 itaque
1040 1500 1360 1565 considerationibus
1382 1498 1466 1572 freti,

414 1604 606 1680 accedimns,
654 1605 850 1669 Beatissimo
898 1610 1002 1689 pater,
1040 1604 1084 1667 ad
1132 1604 1232 1688 pedes
1272 1600 1465 1665 Sanctitatis

414 1711 544 1781 vestes,
568 1728 633 1771 non
662 1707 768 1771 solum
803 1706 1037 1771 diffinitionem
1069 1705 1164 1770 Sedis
1188 1703 1408 1789 Appostolicee
1430 1702 1464 1764 in

414 1830 449 1870 rc
473 1807 574 1871 dubia
598 1806 825 1893 postulantesl
865 1815 1055 1871 reverenter
1086 1813 1120 1871 et
1142 1805 1315 1869 humiliter
1353 1804 1465 1887 implo-

414 1912 537 1985 rantes,
564 1914 604 1971 ut
626 1930 698 1971 eam
721 1909 866 1993 gratiam
890 1913 925 1972 ot
947 1907 1212 1971 benevolentiam
1235 1927 1336 1990 quam
1358 1909 1464 1989 patres

413 2010 518 2074 nostri
542 2011 630 2095 apud
663 2010 800 2073 eandem
825 2008 944 2075 Sedena
969 2010 1090 2073 habere
1121 2012 1377 2084 consueverunt,
1397 2028 1463 2081 nos,

413 2112 455 2175 ob
488 2114 709 2176 reverentiam
744 2112 841 2177 Beati
874 2113 1010 2176 Patroni
1046 2112 1152 2176 nostn'
1180 2111 1296 2175 Sancti
1332 2110 1463 2173 Thomfe

413 2214 582 2299 Martyris,
608 2215 643 2277 in
675 2216 736 2279 hoc
760 2216 894 2299 negotio
925 2219 1039 2278 nostro
1069 2235 1317 2298 consequamur.
1364 2211 1463 2296 Cujus

413 2318 545 2401 quidem
578 2318 703 2401 nogotii
735 2340 865 2382 summa
892 2320 963 2382 haec
995 2324 1054 2381 est.
1101 2317 1279 2401 Postquam
1310 2316 1463 2380 Beatissi-

413 2442 486 2483 mus
520 2419 685 2483 Patronus
723 2426 836 2485 noster
870 2419 1013 2484 Sanetus
1045 2420 1196 2495 Thomas,
1229 2439 1290 2503 pro
1325 2418 1401 2501 jure
1430 2423 1464 2482 et

413 2523 566 2587 libertate
599 2523 760 2601 Ecclesiae,
784 2529 924 2589 mortem
955 2524 1134 2603 sustinuit;
1156 2544 1231 2587 cum
1257 2521 1330 2605 jam
1358 2522 1463 2607 placu-

413 2624 493 2689 isset
517 2624 746 2711 Omnipotenti
771 2626 842 2690 Deo
875 2648 975 2709 quain
1007 2626 1154 2711 preciosa
1187 2624 1277 2687 illius
1311 2646 1399 2687 mors
1430 2626 1463 2686 in

413 2736 588 2813 conspeetu
623 2750 682 2793 suo
717 2729 813 2813 longe
848 2730 980 2812 lateque
1013 2727 1270 2793 evidentissimis
1301 2726 1464 2790 declarare

412 2830 590 2908 miraculis
628 2852 715 2896 eurae
763 2830 829 2895 suit
876 2830 1027 2916 pluribus
1066 2831 1196 2895 Sanctae
1234 2829 1392 2893 Romana
1428 2850 1464 2893 ac

412 2932 593 2995 universali
640 2931 819 2998 Ecclesia²
862 2932 1128 3018 mammantibus,
1166 2932 1313 2997 Summis
1354 2931 1464 2995 Ponti·

413 3033 539 3113 ficibus,
563 3041 602 3100 ut
635 3035 783 3120 ejusdem
807 3036 903 3100 Beati
937 3036 1097 3120 Martyris
1122 3035 1280 3120 reliquiae,
1303 3035 1344 3099 dc
1378 3041 1465 3099 terra

412 3135 603 3212 sublevatae,
641 3136 677 3200 in
727 3138 942 3223 insigniorem
981 3137 1125 3221 aliquem
1164 3137 1272 3200 locum
1309 3137 1464 3201 transfer·

411 3241 549 3316 rentur;
587 3242 633 3315 ut,
673 3259 732 3322 per
781 3239 939 3301 honorem
979 3223 1083 3302 Beato
1122 3238 1266 3324 Martyri
1305 3238 1341 3300 in
1379 3239 1465 3302 hunc

412 3337 546 3401 modum
590 3339 787 3415 exhibitum,
828 3361 942 3403 onmes
980 3338 1106 3405 Christi
1144 3341 1258 3404 fideles
1298 3340 1463 3426 majorem,

411 3441 454 3503 ad
489 3441 559 3524 ejus
594 3442 777 3526 patrocinia
808 3443 1016 3528 impleranda
1048 3450 1082 3507 et
1113 3443 1155 3506 ad
1190 3443 1357 3527 sequenda
1386 3443 1464 3507 vitae

411 3543 501 3607 illius
533 3545 695 3630 exempla,
719 3545 928 3610 devotionem
952 3546 1120 3609 haberent.
1167 3545 1208 3608 ld
1232 3567 1319 3622 vere,
1351 3546 1464 3610 etiam-

411 3646 438 3708 si
475 3668 560 3732 scope
581 3652 785 3711 attentatum
809 3646 885 3723 fuit,
916 3647 1052 3710 minime
1084 3653 1196 3712 tamen
1228 3653 1307 3711 ante
1341 3669 1465 3712 annum

411 3770 432 3810 a
473 3748 624 3832 passione
673 3749 763 3812 illius
808 3749 1118 3836 quinquagesimum
1164 3748 1349 3834 perfectum
1399 3755 1466 3828 est3

411 3870 485 3932 quo,
530 3849 692 3926 videlieet,
737 3855 884 3936 tompore
931 3849 1153 3916 Sacrosanetee
1194 3851 1353 3916 Romanae
1403 3852 1466 3917 Ee·

411 3951 518 4015 clesiee
563 3952 761 4035 praesidebat
799 3952 903 4017 felicis
943 3954 1112 4017 memoriae
1149 3952 1313 4016 Dominus
1351 3951 1467 4018 Hono·

411 4053 481 4116 rius
519 4053 648 4129 tertius,
687 4053 867 4119 Ecclesiam
898 4075 977 4120 vero
1017 4053 1292 4121 Cantuariensem
1331 4055 1468 4142 regebat

411 4155 507 4220 elane
539 4157 704 4222 memoriae
735 4157 898 4222 Dominus
930 4158 1120 4243 Stephanus
1151 4156 1282 4223 Sanctae
1313 4157 1466 4223 Ecclesiae

411 4257 570 4322 Romame
586 4258 981 4344 P1·eshyter-cardinalis;
1005 4263 1071 4345 qui,
1086 4265 1220 4346 accepto
1243 4260 1468 4346 Appostolicae

413 4360 508 4424 Sedis
538 4361 705 4438 mandato,
744 4362 902 4447 reliquias
933 4363 1029 4428 Beati
1059 4363 1193 4427 'l'homae
1224 4363 1385 4448 Martyris
1423 4363 1467 4426 ad

412 4461 521 4526 locum
552 4462 647 4526 illum
678 4463 851 4550 insignem,
882 4464 941 4527 uhi
971 4485 1060 4529 nune
1089 4487 1111 4527 a
1141 4464 1327 4529 confluente
1366 4463 1467 4528 turha

444 4719 451 4753 ¹
470 4715 514 4766 sed
526 4715 546 4766 is
558 4715 618 4766 here
630 4713 757 4782 required.
917 4715 922 4783 Ι
998 4715 1009 4748 ²
1026 4715 1153 4779 Ecclesia,
1162 4717 1218 4770 MS.
