3350 5800
437 876 479 937 44
897 891 1029 940 arrasa

436 1076 602 1141 memorias
635 1082 738 1162 patre,
763 1083 878 1153 matre,
901 1076 1068 1153 fratribus,
1090 1081 1125 1141 et
1147 1074 1320 1152 sororibus,
1345 1077 1379 1138 ot
1413 1072 1488 1137 aliis

434 1177 549 1241 amicis
597 1178 686 1257 suis;
717 1198 791 1263 quae
840 1178 989 1245 centana
1041 1200 1101 1265 pro
1147 1184 1307 1264 perpetuo
1360 1174 1487 1238 tenebi-

435 1282 500 1351 tur,
534 1281 569 1342 ct
605 1278 750 1343 fideliter
783 1278 1023 1355 observabitur,
1058 1277 1121 1344 sub
1155 1278 1278 1343 eisdem
1314 1274 1420 1340 modis
1451 1280 1487 1339 et

434 1376 547 1442 formis
585 1400 659 1463 quae
687 1384 890 1465 sequuntur:
919 1379 1054 1456 scilicet,
1093 1379 1181 1464 quod
1219 1379 1286 1443 duo
1323 1375 1487 1452 monachi,

433 1479 625 1557 sacerdotes,
671 1480 824 1565 Ecclesiae
864 1479 1119 1558 Oantuarieusis,
1165 1502 1224 1566 per
1261 1479 1406 1544 Priorem
1451 1482 1487 1542 et

434 1578 626 1665 Capitulum
661 1580 806 1666 ejusdem
831 1581 985 1646 Ecclesiae
1007 1582 1066 1667 qui
1097 1602 1157 1667 pro
1179 1587 1326 1666 tempore
1358 1579 1486 1643 fuerint

431 1679 474 1744 ad
498 1680 635 1744 eandem
658 1681 840 1745 cantariam
874 1681 1041 1767 eligantur
1064 1682 1128 1768 [ot]
1160 1682 1393 1769 praeficiantur,
1417 1679 1481 1764 [et]

431 1786 663 1845 removeantur
700 1786 735 1844 et
778 1780 837 1845 alii
875 1782 912 1844 iu
948 1804 1060 1847 eorum
1107 1782 1215 1848 locum
1252 1783 1482 1867 subrogantur,

432 1881 565 1966 quando
588 1886 623 1945 et
645 1882 800 1966 quociens
823 1882 945 1947 eisdem
970 1882 1074 1948 Priori
1098 1889 1133 1949 et
1156 1883 1311 1969 capitulo
1333 1883 1392 1968 qui
1422 1903 1483 1966 pro

431 1986 577 2068 tempore
609 1982 733 2047 suerint
765 1983 874 2047 visum
913 1983 1017 2048 fuerit
1049 1984 1223 2069 expedire3
1252 1988 1351 2069 prout
1382 1982 1483 2047 ceteri

432 2082 580 2148 officiarii
604 2104 662 2169 per
685 2083 810 2149 dictum
834 2083 980 2150 Priorem
1015 2093 1050 2150 et
1072 2085 1265 2172 Capitulum
1287 2086 1376 2171 eligi,
1400 2105 1483 2169 prae·

429 2185 492 2261 fici,
514 2184 672 2263 amoveri,
694 2192 729 2250 et
752 2184 931 2273 subrogati,
948 2188 1083 2252 solitum
1107 2195 1158 2254 est
1180 2188 1251 2251 fieri
1275 2185 1480 2271 temporibus

430 2285 607 2351 retroactis.
664 2285 889 2353 Celebrabunt
932 2289 1034 2352 etiam
1079 2288 1159 2353 dicti
1206 2287 1273 2353 duo
1317 2284 1482 2363 monachi,

428 2387 621 2463 sacerdotes,
654 2387 792 2452 alteruis
824 2388 1018 2473 septimanis
1051 2390 1237 2475 specialiter
1263 2409 1324 2475 pro
1354 2385 1481 2451 salubri

429 2493 521 2554 statu
543 2488 624 2554 dicti
647 2488 912 2553 reverendissimi
943 2490 1049 2576 patris
1071 2491 1230 2575 quamdiu
1253 2492 1290 2555 in
1310 2489 1374 2555 hac
1406 2488 1480 2553 vita

429 2588 561 2673 vixerit,
584 2611 659 2655 cum
694 2590 842 2656 oratione
865 2588 951 2675 Repe
976 2612 1172 2677 qaoesmnus
1197 2590 1345 2657 Domina
1369 2589 1479 2675 foma

427 2691 502 2757 lam
527 2690 725 2777 pontificem
754 2698 919 2769 nostrum,
954 2699 989 2759 et
1022 2715 1097 2759 cum
1131 2695 1279 2760 oratione
1300 2690 1479 2757 Fidelicm

427 2793 517 2858 Deus
557 2793 725 2868 maium,
759 2800 813 2859 etc.
845 2814 905 2879 pro
939 2800 1042 2879 patre,
1079 2800 1193 2873 matre,
1232 2794 1402 2871 iratribus,
1440 2797 1477 2857 et

425 2894 599 2972 sororibus,
622 2903 657 2960 et
688 2894 763 2960 aliis
795 2894 910 2960 amicis
943 2895 1025 2962 dicti
1048 2895 1312 2962 reverendissimi
1346 2893 1473 2982 patris3

425 2987 557 3064 etcum
580 2996 688 3062 dictus
720 3002 816 3082 pater
838 2997 926 3062 diem
961 3019 1059 3062 suum
1093 2997 1248 3063 clauserit
1278 3003 1474 3071 extremum,

424 3105 499 3182 post
522 3098 707 3164 orationum
731 3097 771 3162 de
794 3099 895 3163 missa
916 3119 984 3178 sua,
1008 3099 1188 3163 orationem
1212 3098 1385 3163 Dominus
1410 3097 1474 3181 qai

424 3198 517 3264 irater
550 3198 748 3284 apostolicos
780 3197 963 3263 sacedotes
990 3197 1175 3284 samiolum
1207 3206 1310 3264 tuum
1350 3195 1473 3262 Willcl-

423 3323 534 3379 mam,
549 3307 603 3364 cte.
620 3321 680 3385 pro
702 3300 814 3364 anima
830 3299 912 3366 dicti
933 3300 1098 3385 patriast
1119 3300 1302 3365 orationem
1324 3297 1473 3363 fidelium

423 3422 484 3487 pro
521 3401 694 3466 animabus
731 3401 919 3478 antedictis,
951 3401 1063 3466 dicent
1096 3400 1249 3466 monachi
1287 3399 1471 3464 sacerdotes

422 3503 469 3567 sic
503 3501 711 3577 celebrantes,
737 3501 906 3586 perpetuis
936 3501 1140 3587 temporibus
1174 3502 1379 3567 duraturum.
1426 3500 1471 3563 Et

422 3602 501 3687 quia
538 3601 679 3667 officium
719 3601 752 3665 in
794 3601 939 3668 Ecclesia
974 3601 1211 3668 Oantuariensi
1248 3602 1333 3666 nulli
1371 3600 1470 3665 debet

422 3725 491 3768 esse
513 3703 555 3767 de
578 3708 686 3768 cetero
718 3722 902 3780 onerosum,
925 3702 1080 3766 volumus
1103 3706 1139 3768 et
1169 3703 1386 3777 concedimus,
1408 3722 1468 3787 pro

420 3804 517 3868 nobis
539 3809 573 3868 et
596 3803 835 3870 successoribus
867 3803 997 3880 uostris,
1020 3803 1108 3888 quod
1142 3809 1282 3889 uterque
1303 3804 1468 3870 dictorum

420 3904 653 3971 monachorum
691 3905 738 3970 sic
783 3904 1020 3970 celebrantium
1059 3904 1100 3968 de
1144 3905 1247 3982 nobis,
1284 3903 1396 3969 Priore
1434 3909 1469 3969 et

421 4006 589 4092 Capitulo,
638 4005 860 4092 quadraginta
905 4005 1027 4070 solidos
1078 4005 1237 4091 percipiet
1282 4005 1466 4083 annuatim,

418 4130 587 4195 quousque
621 4108 663 4173 de
695 4108 742 4174 eis
775 4129 835 4194 per
865 4125 926 4173 nos
956 4107 1054 4172 aliter
1085 4107 1255 4193 provisum
1287 4107 1391 4173 fuerit
1425 4108 1466 4172 de

417 4211 538 4276 salario
570 4209 706 4275 meliori.
752 4209 797 4274 Et
835 4214 875 4273 ut
908 4208 979 4273 haec
1012 4213 1126 4274 nostra
1163 4209 1326 4273 concessio
1361 4210 1464 4295 magis

417 4313 583 4376 memoriae
618 4310 872 4388 commendetur,
906 4309 1044 4374 eandem
1075 4311 1111 4372 in
1141 4316 1253 4375 nostro
1276 4310 1463 4396 martilogio

416 4413 553 4478 fecimus
585 4411 746 4487 annotari,
768 4417 808 4475 ut
839 4411 876 4474 in
898 4410 953 4473 die
986 4409 1203 4474 anniversarii
1236 4410 1299 4484 sui,
1323 4410 1463 4497 singulis

415 4512 520 4590 annis,
544 4511 581 4574 in
603 4512 700 4582 domo
721 4515 835 4574 nostra
857 4509 1040 4595 capitulari,
1063 4509 1271 4595 frequentius
1294 4511 1459 4576 recitetur.

414 4613 455 4677 In
479 4613 572 4697 cujus
606 4613 654 4677 rei
676 4610 904 4676 testimouium
937 4609 1084 4698 sigillum
1106 4609 1255 4675 nostrum
1290 4632 1461 4677 commune

412 4715 629 4802 praesentibus
664 4714 784 4800 apponi
823 4711 968 4778 fecimus
1015 4712 1104 4776 Data
1141 4713 1177 4775 in
1215 4712 1312 4776 domo
1349 4718 1462 4779 nostra

412 4817 596 4904 capitulari,
620 4815 726 4902 primo
760 4814 814 4878 die
837 4813 1045 4890 Novembris,
1067 4834 1156 4878 anuo
1190 4813 1326 4878 Domini
1359 4815 1463 4880 mille-

1671 2600 1673 2681 ι
