3350 5800
427 862 492 925 216
868 875 1003 926 arruns

256 1067 374 1119 hundred
429 1067 559 1153 signita,
583 1074 617 1133 ct
641 1066 852 1132 Summorum
872 1066 1071 1133 Pontificum
1094 1088 1153 1153 per
1176 1068 1321 1153 plurima
1342 1064 1493 1131 auctori·

251 1134 394 1250 ffissffl
429 1173 498 1233 tete
514 1168 674 1253 praedicta
689 1190 834 1233 summas
850 1168 944 1255 quasi
960 1168 1185 1257 indulgentias
1199 1168 1323 1254 populo
1338 1167 1493 1232 tribuere

255 1266 415 1383 ffifhfgfnof
428 1274 600 1351 videatur;
636 1274 686 1339 uti
720 1280 830 1338 tamcn
869 1274 1037 1359 preciosus
1059 1274 1192 1359 Martyr
1228 1274 1325 1337 novis
1356 1294 1494 1358 semper

257 1374 536 1463 poclmmfulget
567 1374 745 1452 miraculis,
776 1382 810 1439 et
851 1374 925 1461 ipsa
954 1376 1056 1441 etiam
1098 1376 1194 1439 noris
1225 1380 1261 1441 et
1302 1374 1491 1459 majoribus

256 1466 333 1581 Ὗ
346 1466 415 1581 ”blf
430 1484 589 1563 perpetuo
611 1478 756 1565 gaudeat
779 1477 972 1565 privilegiis,
995 1478 1129 1553 scilicet,
1153 1484 1192 1542 ut
1207 1478 1243 1542 in
1266 1476 1354 1543 festo
1376 1476 1492 1541 Passi-

255 1546 372 1673 lest.
405 1546 503 1644 'onis
534 1580 647 1645 sanes
679 1580 814 1645 rhome
837 1580 1011 1665 Mamm,
1035 1602 1095 1666 per
1125 1580 1213 1644 siem
1244 1580 1426 1668 integrum,
1452 1578 1489 1643 iu

257 1662 482 1779 ffiflfficst
513 1704 533 1745 a
565 1682 679 1767 primis
712 1683 859 1767 vesperis
891 1681 925 1745 in
958 1680 1118 1746 secundas
1156 1703 1321 1767 vesperas,
1352 1681 1488 1767 plenam

256 1794 313 1843 »ton
326 1810 403 1845 never
433 1783 681 1871 indulgentiam,
714 1783 805 1847 nullo
844 1782 979 1847 omnino
1015 1804 1094 1847 casu
1124 1789 1302 1860 reservato,
1332 1782 1489 1847 omnibus

257 1860 412 1913 ‘mm'
432 1907 509 1951 vere
547 1884 705 1949 confessis
743 1890 777 1949 et
814 1884 967 1950 contritis
1005 1885 1048 1949 ad
1086 1884 1172 1950 hauc
1210 1883 1486 1950 cantuariensem

430 1988 599 2053 eeclesiam
622 1986 906 2065 concurrentibus,
929 1986 1128 2052 auctoritate
1150 1988 1342 2072 apostolica,
1356 1988 1487 2052 miseri·

428 2090 572 2155 corditer
595 2088 757 2175 impertiri
790 2088 909 2153 valeat.
956 2087 1123 2153 Praeterea
1153 2089 1188 2152 in
1220 2088 1308 2154 festo
1330 2088 1485 2153 Transla-

427 2192 528 2258 tionis
572 2190 718 2276 ejusdem
756 2190 955 2255 sanctissimi
991 2190 1152 2277 Martyris
1190 2190 1339 2269 Thomae,
1375 2192 1484 2276 primo

427 2294 531 2379 ipsius
562 2292 789 2359 translationis
820 2294 885 2368 die,
916 2292 1042 2358 scilicet
1071 2316 1093 2358 a
1122 2294 1239 2378 primis
1269 2295 1416 2379 vesperis
1447 2296 1481 2360 in

427 2397 595 2471 secundas,
629 2394 745 2459 similis
778 2394 995 2482 indulgentia,
1020 2401 1059 2459 ut
1090 2394 1265 2479 praefatur,
1299 2396 1481 2473 annuatim,

426 2498 595 2583 perpetuis
633 2496 837 2583 temporibus
875 2497 1045 2573 duratura,
1083 2497 1254 2562 habeatur.
1313 2497 1479 2575 Ceterum,

427 2606 466 2665 ut
498 2600 612 2665 eadem
647 2599 729 2663 felix
766 2598 1016 2664 cantuariensis
1051 2597 1206 2675 Ecclesia,
1238 2599 1333 2685 cujus
1369 2622 1479 2664 aream

428 2725 488 2767 suo
511 2702 711 2789 purpuravit
734 2700 896 2789 sanguine
919 2699 1040 2765 nobilis
1056 2700 1112 2765 ille
1143 2700 1261 2766 Pastor
1291 2709 1326 2767 et
1349 2702 1479 2787 Martyr

427 2805 579 2884 Thomas,
613 2806 648 2869 in
683 2803 790 2888 majus
826 2808 1043 2891 augmentum
1075 2803 1190 2891 gloriae
1224 2804 1314 2867 omni
1352 2804 1479 2893 fulgeat

382 2971 386 2980 ,
427 2910 634 2984 auctoritate,
658 2931 717 2994 per
747 2929 878 2972 omnem
909 2907 1220 2996 quinquagesimum
1251 2929 1375 2972 annum
1405 2929 1476 2994 pas·

426 3012 528 3076 sionis
562 3011 666 3097 ipsius
690 3010 863 3095 Martyris,
885 3010 943 3094 qui
977 3014 1011 3074 et
1037 3007 1193 3092 jubileus
1226 3010 1327 3074 sacris
1360 3011 1478 3075 litteris

425 3114 625 3188 nominatur,
661 3112 799 3176 eandem
833 3116 1055 3196 consequatur
1091 3115 1290 3196 potestatem
1324 3112 1477 3197 plenarie

425 3214 641 3300 indulgentiae
679 3235 737 3298 per
775 3213 943 3300 integrum
982 3211 1077 3275 illum
1115 3233 1252 3290 annum,
1289 3213 1424 3289 scilieet,
1457 3237 1477 3278 a

424 3317 512 3382 festo
546 3315 777 3382 Cruciiirionis
799 3314 935 3378 Domini
968 3314 1010 3378 ad
1041 3314 1128 3378 idem
1163 3313 1299 3392 festum,
1322 3336 1422 3400 quam
1444 3321 1478 3380 et

424 3418 560 3484 ccclesia
592 3417 706 3482 Sancti
729 3415 881 3502 Apostoli
904 3415 1019 3480 Jaeobi
1053 3417 1088 3480 in
1113 3415 1277 3502 Hispania
1310 3439 1332 3481 a
1364 3423 1478 3483 saneta

425 3523 574 3588 Romana
590 3521 674 3586 Sede
697 3523 900 3604 consequuta
914 3524 976 3583 est.
1022 3517 1086 3596 Sic,
1107 3518 1313 3582 inclitissime
1336 3519 1476 3597 domine,

424 3647 466 3689 cx
489 3625 657 3712 fidedigua
691 3621 923 3686 informatione
947 3621 1145 3685 venerabilis
1177 3621 1340 3706 capellani
1364 3621 1475 3703 vestri,

425 3727 577 3814 Magistri
602 3725 745 3802 Ricardi,
760 3723 986 3788 intelleximus
1008 3727 1155 3787 vestram
1170 3721 1475 3787 affectuosissimam

424 3829 694 3906 dominationem,
717 3827 759 3892 ob
793 3847 938 3891 amorem
973 3832 1008 3890 et
1033 3825 1235 3914 singularem
1265 3825 1474 3891 devotionem

424 3953 502 4019 erga
531 3936 708 4016 patronum
740 3935 903 4006 nostrum,
925 3928 1028 3992 immo
1051 3936 1085 3995 et
1108 3933 1267 4008 vestrum,
1291 3929 1475 4014 specialem,

422 4031 582 4096 Sanctum
615 4031 774 4096 Thomam
799 4031 991 4116 Martyrem,
1010 4031 1082 4116 jam
1105 4030 1141 4094 in
1173 4031 1235 4096 hac
1257 4051 1352 4095 sacra
1382 4051 1472 4116 pere·

421 4133 608 4222 grinatioue
632 4139 752 4212 vestra,
776 4133 872 4196 annis
905 4139 1060 4218 quatuor,
1082 4153 1212 4196 summo
1244 4131 1387 4219 ingenio,
1411 4132 1474 4197 ista

422 4235 616 4314 elaborasse,
632 4240 666 4299 et
688 4235 730 4298 ad
754 4239 906 4320 optatum
931 4233 1030 4299 finem
1062 4235 1268 4320 perduxisse,
1289 4234 1470 4319 quinimmo

422 4339 531 4428 sagaci
546 4344 645 4423 atque
669 4361 790 4424 nragrra
806 4339 982 4415 industria,
1007 4339 1051 4403 ad
1073 4337 1279 4403 tolerabilem
1298 4359 1471 4416 summam,

423 4441 547 4508 scilicet
570 4440 611 4504 ad
636 4440 794 4503 ducentas
818 4459 957 4516 marcas,
976 4440 1121 4526 gratiose
1136 4446 1275 4524 optasse.
1321 4437 1368 4502 Et
1390 4439 1474 4502 hanc

425 4545 556 4632 quidem
580 4564 742 4608 summam
766 4541 983 4606 ducentarum
1015 4562 1198 4606 marcarum
1221 4546 1410 4626 promptam
1441 4547 1474 4606 et

422 4647 588 4732 provisam
621 4644 777 4720 fecimus;
808 4643 1031 4728 supplicantes
1063 4643 1222 4728 optimam
1256 4643 1348 4707 illam
1371 4664 1471 4728 saepe-

420 4751 542 4814 dictam
581 4745 839 4812 dominationem
884 4752 1039 4823 vestram,
1077 4751 1116 4811 ut
1153 4744 1278 4811 bullam
1320 4745 1470 4831 papalem

418 4851 536 4918 harum
584 4849 876 4934 indulgentiarum,
920 4849 983 4913 sub
1031 4833 1167 4934 plumbo
1213 4849 1390 4936 signatam,
1436 4847 1470 4914 in
