3350 5800
565 903 856 952 omrurarnusns
1172 885 1235 948 219

229 1090 301 1154 “IN
324 1090 392 1154 Dm
416 1105 570 1154 NOMINE:
592 1089 707 1154 AMEN.
724 1090 822 1154 Anno
845 1113 867 1154 a
886 1087 1065 1153 nativitate
1088 1050 1235 1172 ejusdem
1272 1070 1392 1188 ²232&

182 1205 400 1270 M⁰ccc⁰1u1J⁰,
436 1191 558 1256 mensis
597 1190 720 1277 Aprilis
753 1191 807 1256 die
846 1190 1015 1266 vicesimo,
1053 1188 1235 1253 indictione
1249 1231 1305 1282 The
1316 1229 1399 1279 Arcu

182 1298 290 1368 sexta,
312 1292 511 1358 sanctissimi
534 1293 570 1356 in
595 1291 730 1360 Christo
757 1292 864 1376 patris
886 1290 1024 1355 Domini
1049 1289 1364 1375 Innocentiibiahopss

185 1393 286 1480 Papae
309 1395 396 1459 sexti
419 1416 507 1459 anno
538 1394 656 1480 prim0,
679 1395 714 1457 in
738 1393 864 1479 palatio
895 1393 986 1481 regio
1017 1392 1107 1478 apud
1130 1391 1238 1455 West·
1251 1377 1411 1480 affigi&

184 1495 434 1574 monasterium,
468 1495 707 1560 Londoniensis
742 1495 904 1573 dioecesis,
927 1497 963 1559 in
994 1495 1059 1560 mei
1083 1493 1241 1557 Willelmi

185 1597 310 1660 notarii
349 1596 473 1682 publici
511 1595 726 1682 infrascripti,
762 1601 796 1660 et
834 1596 1054 1661 discretorum
1092 1596 1242 1658 virorum

187 1699 426 1787 Magistrorum
449 1698 613 1763 «lobannis
646 1699 687 1763 de
722 1699 809 1763 Lech
844 1700 1049 1764 decretorum
1083 1696 1245 1774 DoctoriS,

188 1793 330 1866 Walteri
347 1802 388 1866 de
404 1802 551 1866 Merston
562 1801 650 1886 juris
666 1801 774 1887 periti,
785 1823 823 1866 ac
835 1802 919 1866 Adae
933 1802 975 1866 de
991 1801 1110 1865 Hilton
1125 1800 1246 1876 clerici,

187 1903 389 1968 auctoritate
421 1901 602 1987 apostolica
636 1903 843 1966 notariorum
866 1902 1085 1988 publicorum,
1108 1901 1245 1966 testium

188 2007 232 2071 ad
256 2007 318 2070 hoc
342 2010 534 2070 vocatorum
558 2011 592 2070 et
627 2011 818 2092 rogatorum
858 2005 1037 2090 prasentia
1070 2004 1246 2069 constituti

188 2107 418 2194 personaliter,
457 2105 631 2171 reverendi
669 2111 782 2191 patres
822 2106 986 2170 Dominus
1019 2105 1135 2170 Simon
1160 2104 1246 2170 Can·

190 2209 372 2275 tuariensis
418 2214 452 2274 et
496 2207 667 2273 Johannes
726 2208 944 2273 Eboracensis
988 2207 1248 2294 Archiepiscopi,

189 2311 371 2396 quamdam
393 2310 664 2396 compositionem
700 2331 800 2395 super
833 2309 1075 2395 bajulationem
1099 2311 1247 2375 crucium

191 2433 329 2476 suarum
363 2412 523 2489 inierunt,
545 2417 580 2476 et
614 2412 720 2496 ipsam
752 2412 789 2475 in
820 2412 953 2497 scriptis
986 2411 1023 2475 in
1055 2410 1165 2475 forma
1198 2433 1249 2475 se-

191 2515 309 2600 quenti
349 2514 465 2602 redigi,
504 2520 539 2579 et
576 2513 646 2578 suis
684 2513 803 2601 sigillis
842 2513 996 2578 fecerunt
1044 2513 1249 2578 unanimiter

194 2614 405 2680 communiri.

240 2715 434 2780 ‘Universis
450 2722 565 2801 pateat
589 2722 768 2801 praesentes
784 2716 916 2781 litteras
935 2718 1143 2803 inspecturis,
1159 2717 1248 2801 quod
1261 2726 1381 2792 Campo
1374 2744 1394 2776 1

192 2840 279 2894 cum,
294 2823 431 2905 propter
451 2818 689 2905 impedimenta
703 2818 909 2884 delationum
933 2821 1079 2884 crucium
1096 2839 1247 2883 reveren·
1259 2794 1397 2925 {51:¹30}ss

192 2924 313 2987 dorum
330 2929 463 3009 patrum
479 2922 698 2987 Dominorum
714 2921 964 2988 Cantuariensis
987 2928 1021 2987 et
1036 2923 1252 2987 Eboracensis
1265 2928 1378 2978 crucium

194 3025 536 3110 Arcbiepiscoporum,
562 3044 636 3089 cum
662 3024 697 3087 in
724 3024 793 3088 suis
819 3024 1000 3109 provinciis
1025 2994 1400 3111 indifferenterffngffi*

195 3150 256 3243 per
280 3148 394 3191 eorum
418 3133 598 3212 utrumque
620 3126 723 3190 libere
747 3126 985 3205 faciendarum,
1002 3128 1096 3191 varia
1118 3132 1253 3213 possent
1264 3129 1409 3177 nboaoen

196 3230 232 3294 in
249 3230 403 3295 futurum
427 3229 583 3294 scandala
609 3228 804 3313 pervenire3
834 3226 1002 3294 mediante
1029 3193 1401 3324 ἱΙΙυεῐτὶεείηιοὲῗῑὲζζξι.

196 3332 347 3417 principe
378 3330 522 3395 Domino
552 3330 642 3417 Rege
670 3330 811 3418 Angliae,
836 3352 874 3395 ac
900 3331 936 3394 in
967 3332 1038 3415 ejus
1068 3331 1252 3416 praesentia,
1265 3341 1331 3376 ‘¹¹⁸¹-

196 3454 258 3519 pro
290 3432 376 3497 bono
401 3433 490 3517 pacis
516 3438 550 3497 et
576 3432 767 3509 concordiae,
783 3454 845 3517 pro
871 3455 905 3496 se
933 3433 1066 3517 suisque
1090 3454 1254 3497 successo·

197 3535 291 3599 ribus
316 3535 549 3619 pradictorum
566 3533 712 3599 locorum
727 3532 991 3619 Archiepiscopis
1015 3533 1149 3610 futuris,
1165 3534 1253 3598 inter

196 3636 397 3701 reverendos
428 3636 464 3700 in
495 3634 630 3701 Christo
660 3640 772 3722 patres
800 3634 959 3699 Dominos
990 3634 1159 3700 Simonem
1190 3635 1252 3699 Dei

197 3740 309 3827 gratia
339 3737 613 3804 cantuariensem
650 3737 953 3823 Archiopiscopum,
989 3739 1093 3803 totius
1122 3738 1253 3825 Angliae

200 3843 391 3919 Primatem,
416 3847 451 3907 et
475 3840 677 3927 Apostolicae
703 3839 798 3904 Sedis
814 3840 986 3927 Legatum,
1013 3863 1050 3905 ac
1065 3841 1253 3905 Johannem

201 3949 317 4013 eadem
351 3946 461 4031 gratia
500 3944 740 4009 Eboraoensem
780 3943 1083 4029 Arebiepiscopum,
1124 3946 1255 4031 anglia

200 4052 390 4125 Primatem,
418 4054 453 4113 et
483 4047 681 4133 Apostolicae
708 4046 804 4111 Sedis
835 4046 1007 4134 Legatum,
1037 4048 1256 4114 amicabiliter

201 4154 247 4217 sic
263 4150 428 4217 convenit.
475 4150 516 4212 In
542 4148 679 4234 primis:
709 4149 797 4233 quod
820 4148 909 4213 idem
933 4150 1134 4214 reverendus
1161 4156 1257 4235 pater

204 4253 368 4318 Dominus
394 4250 510 4315 Simon
544 4248 797 4315 cantuariensis
827 4249 1102 4337 Archiepiscopus
1139 4273 1254 4337 supra-

203 4357 311 4421 dictus
353 4358 388 4419 et
436 4374 637 4418 successores
677 4352 834 4437 ejusdem,
876 4353 1122 4440 Arcbiepiscopi
1170 4353 1257 4420 Can-

203 4462 397 4535 tuarienses,
425 4479 555 4523 crucem
592 4480 686 4523 suam
713 4459 748 4523 in
779 4458 917 4523 civitate
947 4458 1080 4523 dioecesi
1116 4464 1151 4525 et
1184 4464 1258 4524 tota

204 4561 376 4650 provincia
415 4560 676 4625 Eboracensibus
713 4564 747 4623 et
773 4578 833 4644 per
857 4558 937 4624 eas¹
963 4564 1041 4625 ante
1068 4581 1103 4624 se
1133 4558 1258 4623 deferri

663 4808 671 4843 ¹
689 4825 740 4869 eos,
750 4809 804 4859 MS.
