3350 5800
574 859 866 909 611111111116116.
1185 845 1249 905 203

174 1045 428 1127 possessionem
451 1046 549 1111 dictae
570 1044 703 1110 vioamae
725 1042 868 1110 vicarios
902 1042 1050 1132 singulos
1072 1040 1109 1108 in
1132 1041 1248 1108 eadem

176 1148 347 1213 6611611166
393 1148 576 1225 1161111166,
613 1168 741 1212 necnon
779 1147 881 1212 etiam
919 1147 1079 1211 visitandi
1124 1145 1248 1210 dictam

176 1247 361 1315 ecelesiam
396 1250 614 1336 parochialem
637 1249 679 1314 de
701 1248 787 1334 Wye
814 1248 912 1313 aunis
943 1247 1084 1334 singulis
1107 1247 1248 1312 clerum·

178 1370 255 1433 que
291 1355 326 1416 61
356 1351 517 1438 populum
558 1349 716 1435 ejusdem,
748 1371 786 1414 66
818 1349 980 1414 nonnulla
1011 1348 1183 1414 commoda
1214 1353 1249 1413 et

178 1452 416 1517 emolumenta
447 1452 653 1538 percipiendi
690 1451 819 1516 ratione
847 1450 976 1535 jurium
1008 1450 1249 1535 praedictorum,

178 1553 287 1638 cujus
310 1554 467 1619 contrarii
487 1555 647 1619 memoria
662 1554 835 1618 hominum
859 1573 928 1617 non
950 1551 1075 1629 existit,
1090 1552 1251 1616 hactenus

180 1655 435 1740 pertinuerunt,
467 1677 510 1720 ex
545 1677 613 1721 una
645 1659 748 1741 parte,
790 1660 825 1719 et
857 1653 1058 1740 Magistrum
1090 1653 1248 1718 Thomam

182 1755 317 1843 Gange,
331 1757 548 1843 Praepositum
573 1759 643 1822 6116
666 1756 866 1842 Magistrum
889 1754 1031 1842 Collegii
1053 1755 1251 1822 Sanctorum

183 1856 344 1946 Gregorii
368 1863 402 1923 61
425 1858 572 1935 Martini,
596 1858 780 1949 Sociosque,
804 1861 839 1921 et
862 1855 1059 1942 Oapellanos
1081 1878 1195 1922 omnes
1217 1862 1252 1921 et

182 1957 340 2044 singulos
363 1958 508 2044 ejusdem
533 1958 672 2044 Collegii
688 1958 723 2021 in
739 1956 895 2044 parochia
918 1957 959 2022 de
975 1957 1061 2043 Wye
1083 1958 1251 2044 praedicta,

184 2061 315 2144 quibus
337 2061 462 2126 vicaria
495 2061 561 2126 fuit
594 2065 629 2125 et
653 2066 704 2126 est
726 2061 882 2126 6611611166
914 2062 1019 2136 unita,
1052 2082 1194 2138 annexa,
1217 2066 1252 2126 61

183 2163 413 2248 appropriata,
437 2185 479 2228 ex
510 2163 624 2240 altera,
647 2163 787 2228 materia
821 2152 1015 2247 quaestionis
1051 2168 1086 2227 61
1108 2163 1185 2240 11116,
1209 2163 1251 2229 de

185 2269 225 2326 61
248 2285 348 2349 super
366 2264 609 2349 indempnitate
625 2264 707 2329 dieti
729 2263 965 2329 Archidiaconi
981 2265 1110 2329 ratione
1132 2285 1251 2350 appro-

184 2365 368 2450 priationis
390 2366 557 2452 praedictas
580 2370 697 2431 exorta
718 2365 838 2444 fuerit;
871 2365 1005 2430 tandem
1028 2367 1118 2432 inter
1140 2371 1251 2451 partes

184 2467 369 2550 praedictas
400 2467 499 2532 litum
521 2467 690 2532 anfractus
712 2467 821 2532 vitare
856 2473 891 2532 et
925 2489 1036 2532 earum
1059 2468 1250 2553 tranquilli-

184 2569 256 2634 tati
290 2569 463 2655 providere
494 2569 711 2655 imposterum
746 2569 906 2646 volentes,
928 2569 1067 2634 solemni
1101 2574 1249 2634 tractatu

187 2669 496 2755 deliberationeque
530 2676 566 2735 et
602 2670 749 2750 consilio,
779 2670 883 2755 juxta
918 2670 1007 2756 juris
1039 2671 1250 2756 exigentiam,

186 2770 394 2856 praehabitis,
427 2770 646 2856 omnibusque
678 2770 951 2836 concurrentibus
983 2776 1018 2836 et
1049 2771 1190 2836 servatis
1212 2771 1249 2835 in

188 2892 230 2939 ea
253 2877 348 2959 parte
382 2894 457 2959 quae
482 2873 618 2959 dejure
642 2873 696 2937 vel
727 2872 967 2939 consuetudine
1002 2872 1250 2958 quomodolibet

151 3009 155 3013 ·
187 2976 416 3061 requinrntur,
439 2997 499 3061 pro
530 2975 612 3061 ipsis
634 2976 788 3060 partibus
810 2976 1024 3061 ipsarumque
1058 2976 1250 3041 successori·

187 3079 255 3143 bus
287 3079 530 3165 imperpetuum
563 3078 643 3142 hinc
674 3077 846 3142 1111161111
880 3082 915 3142 61
946 3082 998 3142 661
1030 3077 1184 3156 finaliter,
1207 3080 1249 3145 de

188 3200 306 3247 earum
328 3180 480 3243 unanimi
502 3200 672 3256 consensu,
694 3198 830 3244 assensu
854 3183 889 3244 61
910 3180 1095 3258 voluntate,
1117 3200 1250 3246 6611661-

188 3282 318 3359 datum,
333 3281 560 3368 compositum,
584 3284 728 3367 pactum,
751 3287 961 3359 conventum,
978 3286 1013 3348 et
1034 3286 1247 3361 transactum,

188 3384 255 3449 sub
276 3383 374 3448 modo
397 3387 432 3449 et
465 3381 574 3447 forma
607 3382 840 3469 infrascripta:
871 3383 1036 3461 videlicet,
1069 3383 1249 3469 1116116111-

186 3484 261 3573 guli
296 3485 448 3573 Magistri
495 3484 567 3550 sive
601 3484 786 3571 Praepositi‚
826 3484 870 3549 ud
905 3486 1139 3574 magistratum
1176 3486 1248 3551 sive

188 3588 445 3673 praeposituram
488 3587 570 3652 dicti
602 3586 741 3673 Oollegii
774 3585 815 3651 de
846 3607 934 3651 novo
965 3587 1248 3673 qualitercumque

188 3696 226 3755 et
249 3689 521 3775 quandocumque
547 3689 747 3766 assumendi,
768 3689 841 3755 sive
871 3690 909 3753 in
940 3689 1012 3775 ipso
1045 3690 1247 3778 magistratu

187 3790 261 3855 sive
298 3790 516 3876 praepositura
564 3791 606 3857 de
649 3811 735 3855 novo
780 3790 1063 3876 qualitercumque
1093 3792 1247 3877 ponendi,

188 3890 400 3969 instituendi,
431 3890 614 3969 ordinandi,
648 3891 843 3976 deputandi,
869 3892 1022 3978 eligendi,
1058 3897 1092 3959 et
1126 3893 1246 3958 consti-

189 3992 317 4070 tuendi,
340 3993 457 4077 quovis
479 3992 576 4057 modo
597 4014 656 4057 seu
678 3992 787 4057 1611116
802 3993 1021 4078 praelieiendi3
1043 4015 1102 4058 seu
1125 3994 1246 4078 quibus

189 4094 300 4159 dictus
349 4094 564 4179 magistratus
605 4094 675 4158 sive
709 4094 929 4180 praepositura
963 4094 1245 4181 qualitercumque

189 4194 382 4261 conferetur
418 4195 454 4259 in
501 4193 627 4271 futuro,
681 4194 770 4259 dicto
808 4195 1060 4273 Archidiacono,
1108 4196 1244 4282 ejusque

189 4294 429 4361 suecessoribus
467 4295 503 4359 in
537 4296 652 4361 eodem
682 4294 953 4362 archidiaconatu
994 4296 1244 4363 Archidiaconis

189 4399 443 4483 imperpetuum,
475 4398 613 4475 solvent,
644 4397 731 4463 infra
765 4397 907 4483 triginta
938 4398 1008 4462 dies
1047 4420 1067 4463 6
1095 4406 1243 4484 tempore

189 4498 290 4563 dictae
324 4498 569 4585 assumptionis,
607 4496 790 4583 positionis,
830 4498 1064 4575 institutionis,
1112 4499 1242 4564 ordina·
