3350 5800
441 864 504 928 260
887 878 1017 927 irruam

305 1168 389 1232 rsury
437 1149 1004 1219 1070.-Ruvnanuno1u0nmsro
1014 1149 1340 1213 MaarsraoTnoun
1349 1146 1488 1214 omor-

295 1237 397 1298 (¹⁴⁷³)·
617 1251 876 1327 numnssacan
891 1251 1109 1315 Tnaoroem
1125 1247 1486 1327 Paorassonr,icDr-

270 1351 300 1401 L
312 1351 343 1401 B·
353 1356 376 1401 ⁹·
618 1369 709 1417 orno
733 1368 903 1417 nemesin
919 1351 1167 1419 carnanamis
1185 1352 1487 1415 Hnanroauaums.

272 1557 345 1607 Prior
485 1517 563 1582 Non
586 1522 672 1583 recte
695 1514 796 1581 miehi
819 1522 938 1602 potest,
959 1513 1138 1581 reverende
1160 1521 1263 1601 pater,
1285 1516 1329 1581 ad
1351 1516 1490 1602 ingrati-

271 1623 378 1687 Sellyng
440 1619 589 1684 tudinem
624 1618 782 1705 imputari
817 1619 906 1703 quod
939 1617 1003 1681 lriis
1035 1618 1160 1695 diebus,
1184 1618 1306 1703 quibus
1339 1617 1489 1682 intellexi

274 1689 419 1805 ffifflff'
440 1720 675 1806 paternitatem
708 1725 811 1799 tuam,
833 1726 886 1785 tot
920 1719 1109 1785 clarissimis
1143 1742 1181 1785 ae
1219 1719 1491 1786 cumulatissimis

271 1821 315 1898 fqr
325 1820 365 1871 Μ’
439 1823 605 1889 benefieiis
628 1822 696 1887 suis
712 1822 752 1887 de
775 1844 827 1887 me
849 1822 954 1907 deque
970 1822 1106 1887 eoeleeia
1120 1828 1235 1887 nostra
1251 1843 1351 1907 quam
1367 1822 1490 1905 opt-ime

272 1887 378 2005 ffill
439 1925 639 2000 munificam,
663 1922 801 1987 Oxoniis
824 1924 1027 1999 commorari,
1050 1922 1159 1989 nullas
1181 1923 1225 1989 ad
1247 1946 1321 1989 eam
1344 1924 1492 1988 salutan-

271 2019 407 2135 imcol'
441 2026 517 2091 dam
548 2026 677 2090 litteras
708 2024 792 2102 dedi,
824 2046 903 2089 nam
938 2025 974 2089 id
1005 2025 1140 2110 quidem
1166 2025 1274 2091 faeere
1305 2047 1383 2091 eum
1406 2047 1491 2112 sape

272 2100 395 2201 tliss’llil,
440 2133 578 2193 conatus
601 2149 713 2204 essem,
735 2127 852 2213 utique
875 2127 1066 2212 frequenter
1087 2132 1248 2193 conatum
1274 2148 1394 2206 meum,
1417 2150 1491 2194 cum

273 2218 408 2335 ‘ltlffli
440 2229 513 2314 ipsa
544 2250 696 2294 curarum
729 2228 829 2293 turba
852 2230 973 2314 quibus
1006 2229 1232 2294 indesinenter
1258 2230 1369 2313 jactor
1400 2230 1492 2294 nulla

273 2299 344 2401 llile
408 2314 541 2397 'arichi
565 2331 606 2396 ad
630 2330 758 2395 litteras
784 2330 940 2395 libertate
962 2351 1122 2410 oonoessa,
1145 2338 1219 2396 tum
1242 2354 1322 2397 vero
1353 2332 1492 2396 adversa

272 2417 411 2534 zm?
442 2432 598 2499 valetudo
622 2454 685 2518 que
708 2431 824 2501 iisdem
849 2432 930 2517 ipsis
953 2432 1069 2497 diebus
1091 2434 1202 2509 semel,
1225 2434 1492 2519 secundamque

274 2550 421 2629 athepar-
441 2535 550 2611 tertio,
573 2556 611 2599 aa
644 2534 774 2598 demum
799 2539 919 2620 quarto
954 2556 1006 2598 me
1040 2536 1231 2620 prostravit,
1255 2542 1289 2601 et
1320 2557 1389 2600 non
1424 2542 1490 2600 tam

272 2616 379 2733 iffi}
390 2682 416 2731 in
443 2636 507 2701 mei
530 2636 674 2721 oorporis
690 2658 789 2721 quam
804 2636 908 2701 animi
923 2657 1018 2722 paene
1034 2636 1122 2701 vires
1139 2638 1300 2702 exhausit.
1347 2637 1493 2703 Aoeessit

274 2748 400 2825 whiehqe
441 2738 484 2803 ad
507 2738 697 2802 dilationem
733 2736 933 2801 causandum
956 2736 1054 2802 offleii
1077 2738 1166 2822 quod
1197 2760 1309 2804 rumor
1333 2739 1398 2804 lriis
1421 2746 1492 2804 erat

273 2814 420 2948 {ffissk‘
441 2839 477 2904 in
499 2840 579 2906 louis
601 2845 635 2904 te
658 2838 743 2903 velle
766 2838 801 2903 iu
824 2838 925 2903 breve
948 2837 1165 2905 cantuariam
1187 2840 1378 2918 adventare,
1393 2863 1493 2928 quare

273 2947 401 3012 diipoeeo.
442 2949 476 3009 et
498 2943 624 3029 aliquot
647 2963 699 3006 me
716 2941 786 3007 dies
804 2940 1042 3025 jocundissima
1057 2943 1108 3007 tui
1125 2943 1292 3008 adventus
1307 2946 1493 3030 expectatio

443 3045 585 3110 tenebat.
642 3043 740 3108 Nune
763 3064 835 3106 cunr
868 3049 998 3108 constat
1022 3045 1257 3129 paternitatem
1281 3050 1374 3110 tuam
1397 3047 1493 3112 aliter

443 3169 481 3212 ae
504 3169 563 3232 ego
585 3146 758 3232 sperabam
781 3145 999 3222 constituisse,
1023 3152 1058 3209 et
1090 3145 1273 3231 intelligam
1306 3169 1395 3212 meas
1418 3169 1440 3212 a
1461 3152 1493 3212 te

443 3249 571 3314 litteras
594 3247 773 3332 plurimum
797 3247 983 3322 desiderari,
1006 3246 1065 3310 vix
1088 3254 1258 3333 resumpta
1280 3249 1492 3334 aliquantula

442 3351 586 3437 eorporis
602 3348 768 3426 firmitate,
783 3350 845 3412 has
856 3349 899 3413 ad
914 3354 948 3414 te
963 3348 1093 3414 litteras
1108 3349 1230 3436 scripsi,
1245 3351 1366 3436 quibus
1382 3373 1493 3417 eumu-

443 3453 618 3518 latissimas
641 3455 708 3514 tuae
732 3449 943 3514 amatissimae
958 3451 1153 3535 paternitati
1176 3451 1300 3537 gratias
1322 3474 1393 3538 ago,
1409 3455 1495 3536 quod

444 3555 557 3621 eodem
592 3574 719 3638 semper
751 3553 861 3615 animo
892 3557 993 3636 atque
1016 3552 1188 3617 voluntate
1218 3575 1298 3640 erga
1328 3555 1494 3622 eeclesiam

444 3663 592 3722 nostram
627 3653 898 3720 Cantuariensem
922 3674 1117 3739 perseveres,
1140 3655 1294 3740 quodque
1332 3665 1493 3724 reoentem

446 3759 678 3825 beneficiorum
702 3761 834 3821 tuorum
860 3755 1059 3832 memoriam,
1075 3757 1197 3840 quibus
1219 3757 1346 3822 dudum
1369 3762 1494 3846 magni-

447 3859 657 3926 liuentissime
680 3857 817 3922 eandem
841 3856 1009 3921 eeclesiam
1032 3863 1180 3922 nostram
1203 3857 1387 3934 excoluisti,
1403 3862 1496 3927 novis

444 3964 515 4048 jam
538 3959 748 4026 liberalitatis
771 3964 839 4022 tuae
863 3957 1064 4034 muneribus,
1080 3959 1240 4045 novisque
1263 3959 1494 4027 beneficiorum

447 4063 587 4130 cumulis
603 4060 753 4126 refricare
769 4059 890 4124 studes.
938 4059 1048 4140 Quum
1071 4066 1183 4124 autem
1198 4081 1309 4125 meum
1324 4063 1495 4128 eonsilium

450 4166 486 4229 in
518 4163 580 4228 hoe
611 4183 697 4226 novo
732 4160 892 4225 beneficio
927 4166 985 4224 tuo
1008 4160 1197 4225 collocando
1227 4161 1412 4247 postulasti,
1435 4167 1496 4230 etsi

447 4268 508 4332 vix
531 4267 592 4330 hae
614 4265 649 4328 in
673 4283 709 4327 re
725 4261 896 4348 quippiam
918 4267 1031 4327 tutum
1055 4263 1240 4348 excogitare
1263 4264 1368 4349 potui,
1383 4270 1496 4332 tamen

447 4369 535 4456 quod
565 4367 706 4432 sentiam
739 4364 893 4428 existimo
924 4363 1160 4450 paternitatem
1194 4369 1297 4441 tuam,
1333 4363 1498 4436 referente

447 4473 548 4536 fratre
572 4490 643 4532 meo
666 4466 792 4530 Thoma
815 4464 1006 4542 Goldstone,
1021 4465 1230 4550 exploratum
1253 4466 1383 4535 habere.
1431 4471 1495 4550 Qui

447 4572 593 4660 profecto
617 4590 726 4633 meum
750 4566 908 4643 animum,
930 4588 951 4630 a
974 4566 1243 4651 conjunctissimo
1264 4570 1400 4655 utrique
1422 4593 1496 4639 nos·

447 4680 538 4738 trum
554 4670 627 4736 viro
649 4669 702 4734 eui
725 4689 778 4732 me
801 4671 911 4730 totum
927 4665 1068 4751 prodidi,
1083 4667 1216 4752 aooepit.
1262 4668 1420 4735 Ceterum
1434 4695 1496 4759 ago

452 4774 576 4862 gratias
607 4768 808 4835 immortales
834 4768 1030 4854 paternitati
1061 4774 1129 4832 tuae
1152 4789 1212 4854 pro
1236 4768 1294 4836 illa
1315 4793 1377 4838 sua
1399 4774 1495 4840 bene
