3350 5800
581 913 876 966 caurummnsrs.
1193 903 1256 966 223

238 1086 338 1154 Nulli
370 1112 449 1177 ergo
479 1093 615 1156 omnino
644 1092 816 1158 hominum
848 1093 947 1158 liceat
975 1093 1061 1158 hanc
1097 1093 1253 1179 paginam
1269 1119 1428 1185 meropes

192 1195 319 1256 nostrae
350 1193 618 1272 confirmationis
649 1195 929 1272 communitionis,
959 1200 994 1261 et
1023 1195 1251 1282 suppletionis,
1267 1185 1401 1304 ponem·-
1497 1239 1503 1251 ,

195 1288 377 1378 infringere
389 1318 397 1373 ;
420 1294 472 1358 vel
500 1295 539 1373 ei,
563 1316 648 1360 ausu
674 1297 858 1374 temerario,
883 1297 1056 1362 contraire.
1114 1296 1150 1362 Si
1177 1297 1253 1382 quis
1279 1267 1332 1302 Μ’

196 1401 312 1458 autem
350 1396 412 1462 hoe
450 1403 650 1484 attemptare
694 1400 951 1485 prasumpserit
990 1399 1255 1485 indignationem

196 1495 448 1582 Omnipotentis
478 1499 551 1579 Dei,
583 1506 618 1565 et
643 1501 823 1567 Beatorum
852 1501 943 1567 Petri
970 1507 1005 1566 et
1029 1501 1126 1565 Pauli
1150 1502 1255 1586 Apos-

193 1597 342 1663 tolorum
369 1600 449 1684 ejus,
476 1624 510 1666 se
537 1603 669 1667 noverit
693 1603 912 1668 incursurum:
958 1602 1048 1667 Data
1074 1603 1251 1668 Avinoniee

194 1701 246 1763 νὴ)
268 1701 432 1768 kalendas
455 1701 580 1782 Martii,
604 1703 818 1789 pontificatus
842 1705 948 1770 nostri
972 1726 1060 1770 anno
1076 1705 1184 1771 tertio·

212 1993 534 2060 rosia-mmm
555 2010 780 2060 arroanarus
801 1996 1079 2060 Aacnmmscorr
1126 1996 1260 2061 anar·
1296 2015 1406 2066 eonor.

386 2112 505 2161 crusis
528 2112 594 2160 ano
617 2111 738 2162 rocam
765 2111 977 2161 narnaauno
1000 2111 1049 2160 an
1073 2111 1261 2162 enarratu
1315 2085 1387 2132 ¹⁴⁵³·

391 2198 520 2264 Senem
543 2198 683 2263 Tnoun
705 2197 900 2264 literram.
1272 2214 1306 2267 rt.
1320 2219 1404 2268 rara.

247 2367 368 2432 Pateat
392 2365 557 2430 universis
582 2387 642 2450 per
667 2369 857 2450 praesentes,
877 2365 967 2450 quod
992 2386 1052 2430 nos
1073 2365 1258 2432 Willelmus
1271 2383 1356 2462 amh-

201 2469 417 2554 permissione
441 2468 557 2532 divina
579 2467 856 2552 Archiepisoopus
884 2467 1106 2545 Eboracensis,
1126 2468 1258 2555 Angliae
1270 2451 1362 2568 {3¹22ss

201 2571 331 2636 Primos
365 2577 400 2637 et
425 2569 624 2656 Apostolicae
650 2568 745 2633 Sedis
760 2569 903 2656 legatus,
923 2570 1122 2648 ordinamus,
1137 2571 1259 2636 consti·
1272 2589 1414 2646 presentat

201 2675 338 2750 tuimus,
355 2679 389 2738 et
415 2673 622 2758 deputamus
638 2692 698 2756 per
720 2675 907 2756 praesentes,
924 2671 1082 2737 dilectum
1104 2671 1200 2736 nobis
1223 2648 1422 2765 in{{²,]‚'{h⁸⁴r'ine

202 2773 340 2840 Christo
369 2775 477 2838 filium
515 2774 676 2839 Thomam
703 2771 814 2852 Tirell,
845 2771 995 2851 militem,
1025 2780 1187 2850 nostrum,
1217 2775 1260 2839 ad
1273 2780 1350 2830 otst.

201 2877 425 2964 infrascripta,
441 2881 688 2963 procuratorem
704 2896 742 2941 ac
757 2873 915 2939 nuntium
931 2874 1124 2960 specialem3
1143 2875 1261 2941 dantes
1275 2847 1418 2963 ἓξὲξ,

201 2982 311 3047 eidem
333 2979 539 3067 procuratori
562 2984 675 3044 nostro
690 2984 891 3065 potestatem
907 2980 1093 3065 generalem
1114 2986 1149 3045 et
1168 3002 1262 3044 man-
1275 2994 1337 3029 ⁸⁰00
1349 2978 1412 3027 ’ἰὼ

203 3084 326 3151 datum
362 3083 511 3169 speciale,
541 3080 582 3148 ad
625 3082 842 3147 deferendum
874 3081 1042 3166 quandam
1082 3082 1260 3169 imaginem
1274 3046 1423 3176 gigmac-

201 3208 347 3263 auream,
372 3186 536 3273 sculptam
567 3184 611 3249 ad
635 3183 888 3248 similitudinem
915 3182 1163 3270 Archiepiscopi
1187 3206 1260 3249 cru·
1274 3177 1396 3292 mimi·

201 3310 274 3355 cem
296 3290 333 3353 in
357 3310 459 3353 manu
485 3308 546 3352 sua
572 3286 758 3362 deferentis,
782 3285 825 3349 ed
848 3285 994 3349 valorem
1020 3285 1064 3348 xl.
1090 3284 1258 3362 librarum,
1271 3258 1376 3361 {3⁹⁰⁵

202 3396 257 3461 vel
285 3392 421 3477 aliquod
446 3390 537 3454 aliud
560 3388 668 3474 jocale
693 3386 840 3472 ejusdem
865 3386 997 3464 valoris,
1021 3388 1064 3451 ad
1091 3388 1260 3453 ecclesiam

202 3497 333 3564 Christi
360 3493 655 3570 Cantumiensem5
677 3511 804 3554 necnon
832 3490 874 3553 ad
900 3488 1103 3553 offerendum
1127 3489 1260 3567 ibidem,

202 3602 335 3688 publice
351 3604 386 3665 et
401 3597 521 3685 palam,
538 3594 608 3659 vice
633 3600 668 3657 et
687 3591 821 3655 nomine
844 3592 976 3667 nostris,
992 3592 1116 3656 dictam
1144 3592 1261 3677 imagi-

203 3726 289 3780 nem,
318 3702 388 3767 sive
411 3698 526 3784 jocale,
556 3696 599 3760 ad
630 3694 790 3759 feretrum
822 3692 919 3757 Beati
942 3692 1077 3757 Thomae
1100 3693 1261 3778 Martyris

204 3808 286 3871 olim
317 3800 570 3871 Cantuariensis
595 3796 864 3881 Archiepiscopi;
896 3816 1023 3860 necnon
1051 3795 1094 3862 ad
1118 3818 1261 3881 praemu-

203 3908 364 3975 niendum
391 3902 615 3970 venerabilem
649 3904 683 3964 et
709 3897 899 3983 religiosum
929 3897 1039 3961 virum
1077 3898 1176 3963 dictae
1210 3921 1259 3963 ec-

203 4012 312 4077 elesiae
339 4008 496 4082 Priorem,
521 4002 743 4089 Suppriorem,
769 4000 1018 4076 Praecentorem‚
1048 4006 1108 4065 aut
1142 4000 1259 4065 saltem

204 4113 403 4182 monachum
436 4106 618 4175 Custodem
655 4101 770 4167 feretri
802 4100 898 4165 Beati
928 4099 1063 4166 Thomae
1101 4102 1259 4188 Martyris

205 4216 369 4306 praedicti,
399 4217 478 4278 ante
512 4210 698 4296 ingressum
726 4224 823 4267 suum
845 4201 882 4264 in
913 4201 1139 4266 coemiterium
1174 4224 1258 4288 pree-

206 4323 306 4387 dictae
332 4314 476 4383 ecclesiae
492 4308 618 4377 Christi
644 4302 904 4380 Centuariensis,
920 4307 960 4366 ut
978 4303 1043 4388 ipsi
1065 4325 1124 4368 seu
1145 4327 1258 4369 eorum

204 4422 327 4508 aliquis
343 4415 502 4485 oblationi
518 4411 616 4495 dictae
632 4406 796 4495 imaginis,
811 4404 882 4469 sive
894 4403 1020 4488 jocalis,
1035 4426 1094 4490 per
1108 4407 1258 4485 eundem,

203 4527 248 4593 ad
279 4524 437 4588 feretrum
465 4514 561 4580 Beati
586 4510 720 4574 Thomas
747 4507 866 4571 fiendae
889 4506 1029 4571 intersit.
1077 4505 1260 4592 Ceteraque

203 4626 318 4692 omnia
342 4628 376 4687 et
402 4616 534 4703 singula
558 4611 707 4677 faciende
732 4614 767 4673 et
791 4606 961 4693 exigenda,
977 4607 1050 4672 vice
1071 4612 1105 4671 et
1126 4610 1260 4673 nomino

205 4726 338 4801 nostris,
365 4725 399 4787 in
425 4720 485 4786 hac
512 4719 615 4803 parte,
642 4712 744 4797 juxta
773 4710 844 4772 vim
873 4708 1012 4774 formam
1043 4715 1078 4773 et
1107 4710 1259 4776 effectum

205 4827 380 4917 eujusdam
411 4816 664 4907 compositionis,
696 4813 822 4878 dudum
853 4810 942 4876 inter
971 4811 1259 4881 reverendissimos
