3350 5800
573 870 864 921 cerruismrsas.
1179 854 1246 922 29⁷

192 1052 416 1121 &meametoe
453 1054 610 1121 Romana
650 1056 805 1121 Ecclesia?
852 1054 1248 1141 Presbytero-Cardinali,
1261 1066 1408 1143 sentssked

193 1156 295 1220 vestri
330 1156 472 1221 humiles
496 1162 530 1222 ct
563 1156 676 1222 devoti
715 1156 775 1221 lilii
809 1156 905 1221 Prior
938 1156 1092 1223 Ecclesiae
1126 1128 1392 1263 Vmiiiiffi

193 1256 443 1324 Cantuariensis
465 1264 500 1323 et
523 1258 669 1344 ejusdem
702 1259 764 1325 loci
790 1258 983 1325 Conventus
1015 1260 1085 1323 sive
1109 1257 1247 1345 Capitu-
1261 1260 1341 1311 letter.

193 1359 271 1435 lum,
306 1360 528 1425 omnimodam
561 1360 792 1437 obedientiam,
827 1367 863 1426 et
894 1360 1116 1426 reverentiam
1149 1365 1246 1426 tauto

193 1461 281 1545 patri
331 1460 485 1526 debitam.
548 1461 675 1528 Vestrae
720 1463 1004 1527 reverendissimae
1051 1462 1247 1548 paternitati

192 1562 375 1647 praelibatae
413 1569 527 1629 tenore
566 1565 780 1650 praesentium
830 1564 1003 1629 humiliter
1044 1566 1248 1639 intimamus,

193 1664 280 1749 quod
304 1684 365 1729 nos
390 1664 485 1729 Prior
500 1671 535 1731 et
558 1664 752 1732 Conventus
775 1666 936 1751 praedicti,
951 1666 987 1729 in
1010 1665 1119 1731 Domo
1134 1670 1250 1731 nostra

194 1763 379 1852 Capitulari
404 1768 447 1831 ad
471 1766 625 1833 effectum
649 1767 901 1854 infrascriptum
921 1768 1150 1852 capitulariter
1171 1788 1248 1833 con-

192 1867 322 1954 gregati
356 1872 392 1932 et
426 1866 619 1953 Capitulum
658 1868 827 1945 facientes,
862 1875 991 1934 vestrae
1029 1870 1160 1934 litteras
1197 1890 1248 1933 re·

193 1969 454 2047 verendissimas,
478 1991 552 2035 cum
576 1972 665 2035 omni
691 1992 757 2056 qua
781 1971 894 2036 decuit
918 1970 1115 2046 reverentia,
1141 1990 1250 2056 nuper

194 2072 384 2157 recepimus,
430 2072 465 2136 in
512 2074 582 2137 haee
627 2072 749 2137 verba:
805 2072 979 2137 “Thomas
1037 2072 1249 2137 miseratione

194 2171 334 2251 divina,''
359 2179 417 2239 etc.
442 2180 482 2238 ut
504 2195 621 2260 supro.
669 2174 799 2253 Quibus
832 2176 945 2260 itaque
979 2174 1102 2239 litteris
1129 2174 1249 2239 vestris

59 2318 62 2325 -
194 2275 476 2339 reverendissimis
500 2277 535 2339 in
559 2276 673 2341 eadem
697 2276 804 2341 Domo
827 2281 943 2341 nostra
957 2274 1144 2362 Capitulari
1160 2276 1249 2341 inter

194 2398 254 2440 nos
286 2378 416 2463 publice
449 2379 610 2463 perlectis,
633 2379 765 2457 auditis,
789 2385 824 2444 et
846 2400 906 2465 per
928 2400 988 2444 nos
1022 2380 1118 2465 plene
1151 2378 1248 2443 intel-

194 2478 296 2556 lectis,
330 2480 445 2545 habito
483 2481 572 2545 inter
605 2500 673 2558 nos,
707 2481 748 2545 de
783 2485 818 2546 et
852 2502 952 2567 super
985 2481 1092 2547 causis
1131 2476 1248 2546 liendae

195 2582 474 2666 appropriationis
498 2582 533 2645 in
557 2581 679 2646 eisdem
703 2582 826 2647 litteris
848 2582 969 2646 vestris
992 2583 1122 2667 plenius
1145 2581 1249 2667 speci-
1344 2643 1348 2649 .

195 2682 310 2759 ficatia,
349 2687 496 2748 tractatu
535 2683 696 2772 diligenti,
731 2700 852 2749 ,causas
899 2684 974 2747 illas
1022 2682 1247 2759 rationabiles,

192 2784 308 2870 justes,
332 2791 366 2850 et
388 2786 554 2874 legitimas
584 2786 655 2851 fore
687 2792 865 2863 censentes,
889 2808 931 2849 ex
954 2786 1062 2851 causis
1085 2787 1166 2871 ipsis
1188 2806 1249 2850 noe

195 2888 314 2954 merito
352 2888 387 2953 in
426 2911 465 2953 ea
502 2894 597 2974 parte
637 2888 856 2965 moventibus,
896 2887 1085 2972 hujusmodi
1124 2888 1248 2964 unioni,

195 2991 383 3067 annexioni,
429 2991 699 3076 appropriationi,
739 2995 773 3055 et
813 2989 1072 3074 incorporationi
1122 2987 1249 3064 fiendis,

196 3092 413 3177 omnibusque
437 3097 472 3156 ct
494 3093 634 3180 singulis
661 3092 767 3156 eidem
798 3090 992 3156 necessariis
1014 3096 1049 3154 et
1071 3091 1250 3175 quomodo·
1364 3117 1379 3130 ‘

196 3192 278 3256 libet
315 3193 520 3278 opportunis,
555 3200 706 3257 nostrum
743 3213 961 3268 communem,
984 3192 1185 3269 unanimem,
1216 3197 1251 3256 et

196 3317 389 3381 expressum
412 3313 606 3361 consensum
627 3296 850 3372 adhibuimuS,
865 3300 966 3381 prout
980 3295 1083 3359 etiam
1098 3299 1250 3360 nostrum

196 3419 412 3475 communem,
451 3399 651 3475 unanimem,
675 3403 710 3463 et
742 3417 936 3483 expressum
966 3417 1162 3462 consensum
1191 3395 1251 3460 ad·

197 3499 349 3564 bibemus
376 3519 436 3586 per
466 3505 654 3586 praesentes,
676 3520 803 3564 necnon
838 3499 951 3563 omnia
983 3503 1019 3563 et
1050 3498 1183 3587 singula
1213 3498 1250 3561 in

197 3601 334 3688 negotio
357 3601 423 3678 illc,
447 3623 485 3668 ae
508 3602 614 3668 eidam
647 3602 833 3668 necessaria
854 3606 890 3665 et
923 3599 1171 3686 quomodolibet
1192 3619 1251 3684 op

196 3709 350 3790 portuna,
365 3725 425 3791 per
446 3727 507 3770 voe
522 3711 557 3770 et
571 3711 684 3771 vestra
706 3705 906 3770 auctoritate
928 3702 1019 3769 facta
1033 3709 1068 3768 et
1089 3701 1251 3778 iacienda,

195 3806 423 3892 ordinataque,
445 3811 480 3872 et
509 3805 703 3884 ordinanda,
727 3812 891 3892 quatenns
914 3806 957 3870 ad
979 3827 1041 3870 noe
1070 3805 1193 3871 attinet
1215 3807 1251 3869 et

195 3907 237 3973 de
265 3908 342 3993 jure
365 3929 548 3994 possumm,
570 3929 633 3994 pro
654 3908 751 3973 nobie
785 3913 820 3972 et
851 3906 1093 3973 successoribus
1115 3907 1247 3983 nostris,

196 4015 330 4076 servata
351 4015 464 4075 tamen
486 4011 622 4074 omnino
643 4010 739 4074 nobis
761 4009 981 4074 indemnitate
1003 4028 1150 4096 congrua
1159 4005 1248 4093 juria

197 4111 287 4196 quod
303 4111 346 4176 ad
368 4133 429 4177 nos
451 4113 486 4176 in
509 4112 582 4197 ipsa
604 4112 785 4198 parochiali
808 4110 945 4178 ccclesia
966 4116 1115 4196 spectare
1137 4117 1249 4197 posset

196 4219 231 4279 et
253 4213 389 4280 deberet
421 4215 626 4300 temporibus
656 4215 868 4281 vacationum
899 4213 995 4278 Sedis
1021 4213 1248 4300 Archiepisco·

196 4317 282 4402 palis
314 4323 347 4382 et
371 4315 668 4382 Archidiaconatus
701 4315 1001 4392 Cantueriensium,
1025 4338 1099 4401 quae
1122 4315 1248 4381 futuris

195 4419 400 4502 temporibus
423 4419 459 4484 in
482 4419 529 4484 ibi
551 4419 741 4507 contingere
775 4422 942 4504 poterunt,
966 4437 1064 4501 quam
1095 4418 1248 4503 petimus,

195 4521 393 4586 auctoritate
443 4521 723 4585 reverendissimae
768 4519 981 4606 paternitatis
1028 4524 1157 4596 vestrae,
1204 4519 1247 4585 ad

196 4643 360 4688 summam
375 4623 497 4711 viginti
520 4623 730 4688 denariorum
754 4643 814 4707 pcr
836 4621 1033 4707 praedictum
1048 4619 1247 4707 Magistrum

197 4724 268 4788 sive
307 4722 495 4801 Custodem,
533 4723 753 4811 presbyteros,
776 4723 919 4799 clericos,
942 4728 977 4786 et
1009 4722 1179 4799 choristas,
1211 4743 1249 4786 ac
