3350 5800
450 892 512 955 160
904 902 1038 953 umens

444 1085 525 1149 siam
550 1088 696 1151 nostram
719 1084 911 1171 praedictam
942 1084 1054 1151 delato
1083 1084 1217 1163 fuerint,
1239 1107 1301 1151 nos
1335 1085 1432 1150 Prior
1462 1090 1503 1150 et

445 1184 638 1251 Conventus
660 1186 823 1272 praedicti,
840 1192 876 1251 et
898 1208 1097 1253 successores
1120 1187 1224 1253 nostri
1248 1186 1306 1272 qui
1331 1208 1390 1273 pro
1412 1194 1502 1251 tem-

443 1307 521 1373 pore
545 1288 675 1363 luerint,
693 1288 765 1373 ipsa
787 1309 904 1375 corpus
919 1294 955 1354 et
976 1310 1050 1353 ossa
1065 1295 1255 1355 reverenter
1270 1288 1502 1374 suscipiemus,

444 1401 478 1454 et
509 1390 580 1475 ipss
603 1388 888 1475 processionaliter
909 1396 945 1456 et
968 1389 1156 1471 honorifice,
1181 1401 1281 1477 prout
1312 1391 1412 1454 moris
1445 1396 1502 1453 est

443 1512 578 1577 corpora
601 1490 930 1577 Archiepiscoporum
964 1492 1087 1577 suspici
1117 1498 1153 1557 et
1178 1491 1307 1569 deferri,
1331 1491 1500 1567 faciemus,

444 1598 478 1657 ct
510 1592 545 1656 in
583 1596 798 1657 monumento
836 1614 895 1657 seu
928 1592 1095 1657 mausoleo
1129 1592 1289 1677 praediolo
1311 1591 1438 1677 imponi
1461 1596 1500 1655 et

444 1694 573 1781 sepeliri
589 1694 812 1780 solempniter,
828 1702 930 1780 prout
944 1693 1046 1759 decet,
1086 1694 1326 1770 Promittimus,
1343 1694 1444 1759 etiarn
1460 1698 1499 1757 et

443 1798 565 1883 singuli
589 1804 740 1861 nostrum
762 1797 975 1883 promittuut,
998 1798 1034 1861 in
1057 1796 1123 1862 lide
1146 1804 1181 1862 et
1203 1796 1405 1883 professione
1428 1817 1499 1880 qua

444 1900 596 1965 Ecclesiae
620 1898 784 1984 praedictae
807 1898 1012 1983 stringimur,
1027 1916 1062 1963 et
1084 1898 1207 1985 singuli
1230 1904 1379 1962 nostrum
1395 1897 1496 1961 strin-

442 2005 587 2087 guntur3
610 1999 698 2085 quod
720 1998 812 2063 nullo
827 2019 974 2083 unquam
999 2005 1144 2085 ternpore
1167 1998 1275 2085 ipsum
1291 1996 1497 2062 mausoleum

442 2104 512 2166 sive
535 2106 787 2166 monumentum
822 2100 865 2165 ad
898 2100 1002 2165 ulium
1038 2122 1135 2165 usum
1166 2120 1416 2185 quemcumque,
1438 2098 1497 2163 vel

440 2206 483 2271 nd
516 2204 654 2269 alterius
687 2224 846 2289 personas,
880 2202 1116 2287 cujuscumque
1147 2202 1324 2289 dignitatis
1358 2200 1496 2265 honoris

441 2308 493 2372 vel
531 2312 638 2373 status
665 2304 774 2381 fuerit,
807 2304 1013 2389 sepulturam
1043 2301 1281 2379 concedemus,¹
1313 2302 1494 2367 transfere-

440 2431 522 2487 mus,
555 2406 740 2485 concedive,
765 2406 818 2471 vel
850 2406 1032 2483 transferri,
1054 2412 1116 2470 aut
1146 2404 1282 2482 auferri,
1304 2404 1359 2469 vel
1382 2404 1494 2469 demo-

441 2510 503 2587 liri,
541 2514 702 2596 quantum
742 2510 777 2571 in
817 2508 911 2572 nobis
942 2513 1002 2585 est,
1034 2507 1279 2593 permittemus;
1318 2512 1370 2570 set
1404 2506 1493 2590 quod

439 2611 631 2695 cuicumque
656 2608 717 2673 hoc
739 2609 846 2673 faeere
861 2608 914 2673 vel
938 2628 1113 2695 procurare
1129 2608 1255 2673 volenti
1270 2613 1331 2673 aut
1350 2613 1492 2693 attemp-

438 2712 525 2779 tanti
548 2708 810 2776 contradicemus
833 2730 995 2794 expresse,
1010 2717 1045 2773 et
1067 2729 1128 2795 pro
1143 2708 1272 2773 viribus
1295 2708 1491 2785 resistemus,

441 2822 475 2879 et
498 2833 696 2879 successores
719 2810 825 2875 nostri
850 2832 962 2875 omnes
985 2817 1021 2875 et
1042 2810 1167 2896 singuli
1190 2810 1247 2895 qui
1261 2831 1322 2898 pro
1345 2815 1492 2895 ternpore

441 2917 574 2992 fuerint,
609 2915 836 2982 contradicent
871 2919 906 2978 et
940 2913 1105 2978 resistent.
1151 2913 1194 2976 In
1225 2913 1320 2998 cujus
1351 2914 1407 2989 rei,
1430 2919 1491 2978 cte

440 3019 529 3086 Data
552 3019 588 3083 in
620 3019 717 3082 domo
751 3021 866 3081 nostru
897 3015 1073 3101 capitulari
1108 3014 1264 3080 uicesimo
1296 3015 1404 3100 primo
1437 3015 1492 3080 (iia

439 3119 561 3186 mensis
584 3119 710 3205 Aprilis
733 3138 820 3184 anno
844 3117 982 3182 Domini
1005 3115 1180 3182 millesimo
1203 3114 1479 3181 ccwxxxrrda‘

296 3471 323 3518 ιι
338 3465 400 3515 nes.
441 3437 693 3509 uun-corn
728 3437 890 3500 Limnen
925 3447 1084 3498 nrancrn
1106 3431 1284 3494 Waurnao
1309 3429 1492 3494 Wnrrmu

313 3536 385 3584 ¹⁴³⁹·
617 3557 664 3604 ns
699 3538 879 3602 Hmuaum
911 3549 934 3598 ιι
966 3532 1098 3598 Parcae
1130 3533 1311 3598 Eccnnsrn
1343 3531 1491 3597 Cnarsrr

266 3651 392 3702 anes.
617 3641 907 3708 Orurusmsusrs.

267 3853 341 3904 Prior
483 3817 701 3905 Worshiplull
723 3813 819 3880 frend
843 3833 894 3877 we
910 3815 1003 3898 grete
1018 3831 1095 3897 yow
1111 3809 1249 3896 hertyly
1263 3805 1350 3888 wall,
1365 3808 1491 3873 thank-

268 3919 370 3970 M⁰¹¹²⁸h
439 3947 509 4012 yng
541 3943 608 4007 you
643 3917 812 4004 specyally
844 3914 882 3979 of
915 3935 1002 3998 your
1049 3911 1212 3998 diligencc
1250 3911 1316 3976 and
1354 3910 1490 3996 srendly

267 3985 393 4116 diffie
439 4028 618 4113 bysynesse
651 4021 730 4106 why
732 4019 770 4083 ch
806 4038 849 4102 ye
882 4014 969 4081 have
1000 4014 1087 4078 doon
1120 4013 1174 4078 for
1195 4035 1235 4078 us
1264 4013 1331 4078 aud
1355 4013 1406 4077 for
1427 4034 1488 4077 our

267 4118 409 4236 {puerine
439 4127 561 4248 chyrch
585 4130 622 4190 at
644 4123 690 4189 all
713 4127 836 4207 tymys,
860 4139 898 4182 as
921 4117 973 4180 lor
995 4137 1055 4180 our
1072 4114 1152 4180 dute
1167 4113 1205 4178 ol
1223 4135 1284 4180 our
1298 4115 1439 4200 pencion
1454 4115 1493 4178 ol

266 4251 319 4302 rain
332 4253 375 4302 rue
439 4233 510 4296 xiii.
528 4248 615 4294 marc
630 4231 666 4290 to
690 4223 730 4288 be
753 4218 932 4303 reseevyed
948 4217 986 4282 ot'
1003 4216 1062 4281 the
1082 4215 1190 4281 Abbot
1205 4215 1244 4279 ot'
1254 4215 1423 4301 Tynterna
1437 4237 1486 4301 yn

265 4319 409 4369 ⁸⁰¹⁰¹¹¹¹t⁰f
438 4331 575 4406 leand‚
598 4327 663 4392 and
686 4324 739 4389 for
761 4322 819 4388 the
843 4321 924 4385 dute
947 4318 985 4382 of
1003 4318 1060 4382 thc
1083 4339 1251 4402 arrerages
1273 4317 1309 4381 oi
1324 4317 1382 4382 the
1397 4338 1486 4382 same

264 4399 308 4500 pgr
304 4387 408 4502 diddo
411 4401 424 4436 θ
437 4453 584 4522 pencron
601 4428 639 4494 of
644 4427 702 4493 the
711 4446 839 4491 summe
854 4422 892 4487 ol
903 4419 1000 4506 wych
1015 4441 1078 4484 our
1091 4419 1185 4484 fader
1200 4419 1257 4484 the
1274 4418 1364 4484 Abot
1381 4420 1486 4484 wolde

470 4665 475 4694 ¹
495 4659 658 4716 concedimur,
667 4656 725 4707 MS.
960 4675 965 4693 ι
987 4647 1158 4713 undertaking
1176 4647 1221 4697 the
1241 4648 1311 4697 romb
1322 4663 1372 4698 rrae
1383 4649 1487 4712 already

467 4745 478 4778 ²
494 4743 550 4794 The
562 4742 636 4790 letter
646 4751 680 4787 on
692 4751 716 4800 p.
728 4737 774 4784 ll?
785 4732 869 4782 shows
882 4731 937 4779 thet
987 4725 1013 4777 iu
1024 4726 1160 4777 existence.

432 4835 459 4880 at
471 4823 515 4875 the
527 4821 585 4870 date
596 4815 625 4866 oi
636 4815 680 4864 the
691 4810 826 4865 execution
838 4809 868 4858 ol
884 4807 936 4858 this
