3350 5800
368 813 409 875 62
830 831 963 879 arrasa

367 1032 401 1091 ct
419 1027 454 1091 in
479 1029 631 1095 omnibus
645 1029 720 1094 aliis
743 1030 841 1095 terris
857 1036 891 1096 et
907 1030 1105 1095 tenementis
1118 1028 1294 1115 adquisitis
1309 1026 1415 1092 eidem

367 1127 545 1218 Hospitali,
567 1130 700 1209 scilicet,
723 1131 764 1197 de
787 1152 875 1197 novo
897 1131 987 1217 apud
1010 1130 1056 1196 Le
1080 1130 1183 1195 Blean
1201 1130 1305 1217 juxta
1327 1127 1414 1194 Oan-

364 1232 507 1297 tuariam
531 1231 571 1296 de
595 1230 740 1297 Domine
771 1233 812 1298 de
836 1232 924 1297 Roos
954 1237 990 1297 et
1012 1231 1155 1296 Domino
1188 1231 1316 1296 Thoma
1347 1229 1415 1293 lilio

362 1332 433 1417 ejus
456 1356 515 1421 per
537 1333 696 1399 Thomam
719 1334 760 1401 de
776 1332 921 1412 Wolton,
943 1354 1033 1402 nunc
1063 1332 1243 1399 Custodem
1267 1332 1413 1418 ejusdem

362 1434 555 1523 Hospitalis,
587 1457 661 1522 quse
699 1436 742 1501 ad
780 1436 909 1502 firmam
947 1443 1191 1501 consueverunt
1228 1435 1315 1499 tradi
1353 1454 1413 1520 pro

362 1538 472 1604 decem
495 1539 623 1615 marcis,
639 1538 741 1605 libere
757 1538 955 1625 distringere
971 1544 1006 1604 et
1028 1538 1254 1604 districciones
1269 1536 1411 1602 retinere

361 1662 530 1727 quousque
552 1640 615 1706 sibi
651 1642 692 1707 de
724 1642 899 1728 arreragiis
933 1640 1043 1707 debite
1066 1641 1169 1705 suerit
1192 1639 1410 1705 satisfactum.

361 1743 551 1809 Celebrabit
565 1750 677 1809 autem
701 1745 771 1831 ipse
786 1744 935 1809 sacerdos
951 1744 1081 1820 cotidie,
1099 1766 1158 1829 per
1181 1766 1215 1809 se
1240 1743 1293 1807 vel
1308 1742 1408 1807 alium

361 1846 587 1934 Capelianum,
610 1847 663 1911 vel
697 1846 808 1912 saltim
841 1846 1018 1934 quinquies
1040 1846 1183 1932 singulis
1206 1847 1410 1933 septimanis,

359 1950 395 2013 in
428 1950 588 2035 superiori
619 1948 674 2015 vel
707 1948 857 2015 interiori
888 1948 1015 2035 capella
1050 1950 1180 2035 praefati
1217 1948 1411 2035 Hospitalis,

358 2050 440 2117 hora
470 2052 679 2139 competenti,
703 2057 802 2138 prout
835 2050 996 2139 Magister
1029 2073 1087 2116 seu
1111 2050 1232 2117 Custos
1263 2050 1410 2137 ejusdem

359 2152 543 2241 Hospitalis
566 2152 734 2243 imponet¹
758 2154 807 2235 ei;
840 2158 875 2219 et
908 2154 945 2218 in
975 2153 1051 2219 aliis
1085 2153 1200 2219 officiis
1224 2153 1358 2229 divinis,
1380 2154 1410 2216 si

358 2280 432 2323 cum
456 2262 537 2323 nota
558 2257 712 2325 dicantur
734 2278 791 2343 per
806 2256 889 2323 alios
911 2256 1017 2343 ipsios
1034 2256 1218 2343 Hospitalis
1233 2257 1414 2328 ministros,

357 2380 501 2446 praesens
524 2360 589 2425 erit
611 2381 686 2424 cum
709 2358 784 2437 illis,
808 2380 867 2445 per
889 2380 923 2423 se
945 2362 1006 2423 aut
1028 2358 1129 2423 ulium
1147 2360 1304 2425 scientem
1322 2382 1409 2424 com-

358 2468 524 2548 petentem
549 2460 655 2549 legere
678 2468 713 2527 et
735 2466 880 2539 cantare,
894 2460 1028 2545 adjutor
1050 2462 1184 2527 sedulus
1200 2469 1235 2527 et
1257 2463 1407 2541 devotus,

357 2564 399 2629 ad
415 2563 529 2629 laudes
544 2564 615 2629 Deo
630 2563 787 2630 celebrius
803 2563 1056 2650 persolvendas;
1078 2565 1227 2651 exceptis
1243 2564 1410 2631 duntaxat

357 2666 528 2731 annuatim
552 2666 636 2732 festo
659 2664 773 2731 Sancti
808 2664 988 2743 Michaelis,
1012 2672 1107 2731 sexto
1139 2666 1193 2731 dic
1217 2666 1409 2732 ebdomadae

358 2770 490 2837 Natalis
513 2770 659 2849 Domini,
683 2775 800 2855 quarto
823 2770 878 2834 die
912 2769 1104 2835 ebdomadae
1129 2770 1347 2847 Pentecostes,
1369 2792 1408 2835 ae

355 2872 442 2939 festo
476 2872 590 2938 Sancti
624 2870 717 2938 Petri
748 2871 911 2958 Apostoli,
949 2870 985 2935 in
1024 2871 1154 2957 quibus,
1184 2893 1244 2959 per
1281 2894 1315 2938 se
1353 2871 1407 2938 vel

354 2975 467 3054 alium,
490 2977 526 3040 in
549 2975 639 3042 dicta
661 2975 796 3041 ecclesia
825 2974 867 3039 de
898 2973 1033 3040 Boume
1063 2975 1197 3040 missam
1219 2975 1420 3042 celebrabit„

355 3077 539 3144 Morabitur
561 3079 662 3143 eciam
686 3077 756 3163 ipse
778 3074 927 3140 sacerdos
949 3074 1165 3161 personaliter
1193 3076 1349 3141 continue
1372 3077 1407 3140 in

355 3181 491 3245 civitate
515 3177 697 3246 Cantuaria
728 3183 788 3243 aut
811 3176 884 3264 ejus
914 3177 1083 3255 suburbio,
1106 3183 1141 3242 et
1163 3199 1231 3243 non
1253 3178 1404 3244 absenta-

354 3281 405 3348 bit
428 3305 462 3348 se
486 3281 529 3346 ab
551 3303 590 3346 ea
612 3301 671 3367 per
703 3279 851 3366 spacium
875 3277 975 3342 unius
1007 3278 1073 3343 diei
1096 3279 1253 3345 continue
1277 3279 1342 3345 nisi
1364 3281 1405 3345 dc

353 3384 489 3450 licencia
523 3382 677 3469 Magistri
710 3381 792 3447 dicti
828 3379 1014 3466 Hospitalis
1046 3402 1104 3445 seu
1128 3381 1273 3446 tenentis
1295 3382 1402 3448 locum

352 3486 431 3573 ejus.
478 3484 614 3550 Proviso
652 3503 781 3570 semper
818 3482 908 3568 quod
943 3481 979 3546 in
1014 3484 1086 3570 ejus
1119 3482 1275 3550 absencia
1306 3484 1404 3551 faciet

352 3589 449 3655 dicta
472 3587 628 3655 mnufiae
651 3587 687 3652 in
702 3588 792 3652 dicto
816 3585 996 3672 Hospitali,
1019 3587 1056 3650 in
1078 3587 1185 3652 forma
1207 3589 1404 3673 supradicta,

352 3690 487 3756 honeste
531 3688 697 3754 deserviri.
754 3687 897 3753 Obediet
926 3687 1029 3752 eciam
1069 3687 1229 3774 Magistro
1273 3691 1403 3776 praefati

351 3791 543 3878 Hospitalis,
566 3797 600 3856 et
622 3790 752 3856 tenenti
774 3789 882 3855 locum
905 3789 976 3875 ejus
999 3789 1035 3852 in
1057 3789 1162 3875 ipsius
1184 3789 1345 3870 absencia,
1368 3794 1402 3858 in

350 3894 450 3961 licitis
473 3900 508 3958 et
531 3893 683 3958 honestis.
731 3891 808 3958 Non
830 3898 943 3958 autem
967 3891 1139 3957 tenebitur
1153 3893 1225 3980 ipso
1243 3893 1402 3981 Magister

351 3998 554 4066 sacerdotem
577 3995 767 4080 hujusmodi
789 3994 832 4060 ad
848 4015 995 4060 mensam
1019 4016 1111 4060 suam
1137 4018 1196 4062 uec
1218 3997 1261 4061 ad
1276 4019 1401 4065 moram

353 4102 389 4167 in
413 4097 582 4185 Hospitali
605 4097 756 4184 recipere,
780 4097 847 4162 nisi
870 4103 1034 4183 quatenus
1065 4098 1130 4163 sibi
1152 4099 1323 4166 videbitur
1345 4124 1402 4167 ex-

353 4203 472 4291 pedire.
519 4201 634 4266 Solvet
656 4205 818 4288 praeterea
851 4199 962 4267 dictus
993 4199 1151 4278 sacerdos,
1175 4202 1216 4267 de
1237 4223 1297 4270 suo
1320 4227 1402 4292 prae-

354 4307 443 4372 dicto
464 4303 592 4380 salario,
607 4302 696 4368 dicto
712 4301 856 4368 Domino
871 4301 1105 4368 Bartholomeo
1120 4309 1155 4368 et
1177 4303 1353 4370 heredibus
1368 4315 1403 4374 et

353 4406 530 4494 assignatis
553 4405 621 4469 suis
654 4404 782 4471 dictum
806 4425 868 4490 par
892 4404 1065 4482 calearum,
1087 4411 1148 4471 aut
1170 4427 1229 4472 sex
1253 4407 1403 4474 denamos

352 4532 412 4599 pro
447 4508 579 4588 eisdem,
602 4506 691 4591 apud
724 4506 865 4584 Boume,
889 4507 926 4570 in
960 4506 1045 4572 festo
1078 4508 1194 4575 Sancti
1233 4509 1403 4576 Michaelis

759 4783 768 4816 ¹
786 4781 924 4851 imponant,
934 4783 991 4836 MS.
