3350 5800
385 819 426 880 22
839 829 972 878 arrasa

387 1017 421 1079 in
473 1015 597 1080 eadem.
656 1013 765 1079 Item:
804 1012 921 1077 ordino
967 1015 1053 1098 quod
1101 1013 1189 1079 idem
1238 1012 1438 1099 Capelianus

386 1117 601 1203 personaliter
624 1115 660 1179 in
682 1116 831 1179 cantaria
854 1114 1013 1200 predicta
1036 1138 1200 1202 vesperas,
1216 1121 1287 1180 tam
1314 1115 1438 1201 primas

386 1241 484 1306 quam
508 1218 675 1294 secundas,
699 1218 891 1294 matutinas,
919 1239 957 1283 ac
989 1240 1143 1304 magnam
1176 1219 1321 1297 missam,
1348 1217 1438 1283 omni

386 1322 439 1387 die
478 1320 666 1399 DominicO,
697 1319 852 1384 omnibus
885 1324 920 1384 et
950 1320 1107 1407 siugulis
1123 1319 1365 1407 principalibus
1404 1322 1440 1383 et

387 1422 598 1508 dupplicibus
621 1420 723 1499 festis,
740 1421 776 1485 in
792 1421 878 1485 festo
894 1419 1226 1487 Commemorationis
1240 1422 1440 1493 animarum,

389 1527 425 1590 in
448 1524 500 1590 die
525 1523 692 1599 Cinaram,
716 1523 799 1587 feria
814 1529 944 1608 quarta,
966 1524 1095 1608 quinta,
1110 1530 1216 1601 sexta,
1240 1528 1276 1588 et
1301 1523 1441 1588 sabbato

391 1628 425 1691 in
441 1626 624 1691 ebdomada
648 1624 847 1702 Palmarnm,
871 1625 979 1691 tribus
1002 1626 1120 1691 diebus
1143 1626 1376 1713 Rogatianum,
1408 1630 1443 1688 et

390 1729 506 1815 vigilia
529 1728 750 1805 Pentecostes,
773 1748 832 1791 suo
867 1728 1099 1814 superpellicio
1133 1728 1282 1805 indutus,
1305 1733 1441 1793 mutare

389 1829 610 1916 coadjuvabit,
633 1830 698 1893 nisi
722 1852 763 1894 ex
781 1829 876 1913 ‚justa
891 1852 990 1895 causa
1012 1829 1055 1895 ad
1080 1836 1210 1916 tempus
1232 1852 1267 1895 se
1290 1830 1443 1895 absenta-

392 1934 521 1999 verita
544 1931 694 1996 materia
716 1930 882 2016 praeliata.
931 1932 1015 1997 Volo
1050 1938 1163 1997 autem
1197 1933 1284 2017 quod
1321 1931 1444 2016 absque

392 2055 597 2121 quacumque
620 2053 720 2097 causa
742 2054 801 2117 per
824 2033 943 2118 xxviij.
968 2033 1038 2098 dies
1061 2032 1201 2119 siugulis
1224 2034 1330 2109 aunis,
1353 2032 1442 2097 vide·

324 2198 330 2205 .
393 2139 478 2214 licet,
513 2135 653 2222 singulis
685 2136 863 2220 quarteriis
897 2142 1024 2221 septam
1055 2137 1181 2214 diebus,
1205 2136 1361 2203 continue
1391 2134 1446 2199 vel

393 2236 633 2323 interpollatim
675 2236 899 2315 numerandis,
937 2259 958 2301 a
996 2237 1087 2303 dicta
1123 2239 1273 2303 cantaria
1314 2259 1374 2303 sua
1411 2259 1447 2301 se

394 2339 518 2427 poterit
540 2339 723 2411 absentare,
739 2338 931 2423 fructusque
948 2337 1115 2423 percipere
1137 2340 1293 2424 ejusdem.
1339 2339 1447 2404 Item:

395 2442 511 2507 ordino
534 2440 622 2524 quod
646 2440 733 2504 idem
758 2438 960 2525 Capelianus
989 2440 1068 2526 jura
1091 2446 1125 2506 et
1148 2442 1319 2506 libertates
1350 2442 1448 2505 dictae

395 2542 551 2609 antara
591 2540 735 2605 fideliter
773 2541 994 2620 conservabit,
1029 2547 1064 2607 et
1094 2542 1242 2629 dispersa
1272 2542 1450 2616 revocabit,

396 2666 455 2731 pro
479 2642 608 2707 viribus
631 2642 709 2707 suis.
757 2642 864 2707 Item:
895 2643 1014 2708 ordino
1037 2648 1072 2707 et
1095 2644 1172 2709 volo
1205 2644 1294 2729 quod
1315 2642 1358 2709 ad
1381 2643 1450 2707 dia·

314 2762 322 2785 ’
398 2754 467 2812 tam
492 2744 674 2811 cantariam
708 2749 742 2809 et
776 2743 848 2829 ejus
872 2744 1100 2831 Capelianum,
1131 2746 1302 2832 ipsiusque
1324 2766 1450 2811 sucres-

399 2870 486 2915 sores
519 2846 689 2933 perpetuis
726 2845 850 2911 futuris
885 2847 1102 2934 temporibus,
1141 2848 1334 2934 pertineant
1365 2848 1451 2913 bona

398 2949 592 3035 subscripta,
625 2947 799 3017 videlicet:
824 2964 934 3013 'unum
956 2948 1088 3014 missale
1122 2953 1158 3014 et
1188 2971 1292 3014 uuum
1316 2950 1453 3036 portifo·

401 3051 488 3117 rium
513 3051 612 3137 pretii
645 3054 770 3135 septem
804 3049 985 3129 librarum3
1020 3050 1087 3115 duo
1110 3051 1227 3117 calices
1259 3053 1360 3138 pretii
1392 3050 1452 3137 liij

399 3152 576 3218 solidorum
602 3151 681 3236 iiij0r
716 3150 950 3231 denariorum
972 3173 1077 3216 unum
1100 3153 1339 3218 vestimentum
1362 3155 1453 3240 prin·

402 3255 505 3341 cipale
538 3252 638 3340 pretii
671 3251 729 3337 liij.
755 3253 935 3318 solidorum
968 3253 1049 3339 iiijor
1089 3254 1318 3334 denariorum3
1352 3257 1452 3322 item:

402 3377 505 3420 unum
529 3354 620 3419 aliud
650 3355 883 3418 vestimentum
908 3355 1008 3439 pretii
1041 3355 1096 3418 xla
1130 3356 1328 3435 solidorum;
1352 3357 1453 3423 item:

403 3479 506 3522 unum
531 3455 768 3520 vestimentum
799 3454 995 3520 dominicale
1029 3477 1104 3522 cum
1136 3456 1264 3522 duobus
1296 3458 1455 3524 tuniculis

403 3559 503 3646 pretii
527 3557 580 3620 xla
602 3555 803 3631 solidorum;
829 3557 932 3622 item:
955 3579 1058 3620 unum
1082 3559 1319 3623 vestimentum
1342 3560 1456 3626 feriale

403 3659 503 3746 pretii
526 3658 618 3743 viijto
652 3657 850 3735 solidorum;
877 3658 978 3722 item:
1009 3679 1114 3722 unum
1137 3661 1374 3726 vestimentum
1408 3662 1454 3727 al·

404 3763 484 3826 bum
508 3779 568 3846 pro
592 3765 741 3844 tempore
775 3758 1037 3844 quadragesimae
1064 3762 1164 3846 pretii
1196 3763 1241 3846 vj.
1276 3763 1455 3828 solidorum

404 3863 494 3949 viijto
541 3862 771 3936 denariorum
812 3861 915 3926 iiam:
954 3869 1021 3928 tres
1059 3864 1192 3930 tuailles
1223 3887 1298 3931 oum
1337 3889 1456 3952 parura

405 3965 504 4054 pretii
528 3964 599 4048 viij.
622 3963 816 4042 solidorum;
841 3964 940 4029 item:
964 3972 1107 4050 quatuor
1121 3967 1254 4032 tuailles
1276 3989 1336 4054 pro
1358 3969 1456 4033 altari

404 4066 504 4155 pretii
516 4065 596 4148 iiiJ0r
611 4062 790 4128 solidorum
803 4085 810 4141 ;
824 4063 924 4128 item:
940 4065 1015 4131 duae
1025 4067 1159 4132 tusillas
1171 4068 1341 4134 lavatoriaa
1358 4070 1455 4156 pretii

406 4169 483 4254 xijm
517 4165 736 4232 denariorum.
785 4165 888 4230 Item:
928 4167 1004 4231 volo
1039 4172 1073 4233 et
1104 4169 1222 4234 ordino
1254 4173 1343 4256 quod
1366 4173 1455 4238 idem

407 4270 604 4358 Capellanns
627 4269 662 4332 in
685 4269 794 4334 missis
817 4269 885 4332 suis
909 4275 944 4334 et
966 4270 1040 4333 aliis
1063 4269 1177 4337 officiis
1199 4273 1323 4339 divinis
1338 4275 1460 4342 habeat

406 4371 651 4440 commendatos
687 4370 873 4456 specialiter
902 4391 1014 4436 omnes
1048 4373 1272 4440 benefactores
1303 4380 1459 4446 cantaria

409 4474 585 4562 praedictae,
617 4470 751 4548 scilicet,
775 4471 1086 4538 reverendissimum
1113 4475 1150 4539 in
1173 4475 1308 4542 Christo
1330 4485 1459 4566 patrem

409 4583 444 4644 et
479 4576 650 4641 dominum
683 4573 865 4639 Dominum
900 4573 1105 4640 Willelmum
1138 4578 1201 4644 Dei
1233 4581 1344 4667 gratia
1377 4584 1460 4650 Gan·

409 4680 610 4746 tuariansem
633 4677 925 4763 arehiepiscopum
950 4679 1053 4744 totius
1076 4680 1208 4768 angliae
1223 4683 1405 4752 Primatem
1428 4693 1463 4753 et

411 4779 607 4874 Apostolicae
631 4777 726 4854 Sedis
750 4777 921 4864 Legatum,
945 4785 981 4843 et
1011 4779 1179 4866 religiosos
1202 4783 1292 4849 viros
1314 4785 1460 4855 Priorem
