3350 5800
566 875 859 930 esurusmnnsrs.
1178 865 1240 927 131

179 1079 239 1144 per
260 1082 324 1128 nos
347 1064 513 1132 limitatas
541 1072 576 1132 et
598 1067 791 1153 assignatas,
814 1067 1049 1132 diminuendas
1080 1089 1138 1134 seu
1161 1089 1242 1154 quo·

179 1163 366 1230 modolibet
402 1168 590 1245 mutandas,
613 1167 668 1232 vel
700 1167 950 1233 transferendas
973 1168 1112 1246 easdem,
1135 1170 1242 1234 omni·

178 1262 239 1328 bus
255 1287 402 1351 quorum
419 1270 572 1336 intererit
593 1268 772 1336 auferimus
795 1268 1018 1335 omnimodam
1041 1275 1239 1355 potestatem

178 1365 214 1428 in
236 1367 302 1433 hiis
319 1372 465 1457 scriptis.
511 1373 619 1438 Item:
645 1371 780 1458 quiade
796 1375 914 1447 cetero,
931 1377 966 1436 et
980 1378 1058 1458 post
1072 1372 1240 1438 decessum

180 1474 341 1551 nostrum,
369 1495 482 1540 omnes
505 1485 540 1541 et
562 1473 744 1540 omnimodi
766 1474 891 1540 residui
921 1474 1061 1552 fruetus,
1084 1474 1243 1551 redditus,

182 1576 215 1634 et
236 1580 435 1657 proventus,
458 1577 495 1640 in
516 1575 698 1663 parochiali
721 1577 857 1643 eeclesia
879 1577 921 1641 de
943 1575 1137 1641 Northflete
1159 1598 1242 1663 prae-

181 1672 271 1740 dicta
310 1684 549 1756 excrescentes,
582 1683 616 1744 et
649 1678 898 1764 quomodolibet
929 1680 1163 1764 provenientes
1202 1679 1243 1743 de

181 1776 307 1857 eadem,
350 1782 394 1846 ad
439 1802 587 1846 mensam
624 1779 935 1866 archiepiscopalem
973 1786 1008 1845 et
1045 1801 1243 1846 successores

180 1883 325 1959 nostros,
353 1881 609 1948 Cantuarienses
639 1881 911 1968 Archiepisoopos
934 1883 991 1967 qui
1016 1903 1073 1965 pro
1096 1886 1244 1968 tempore
1313 1932 1315 1935 -

180 1978 318 2059 fuerint,
345 1985 420 2048 sede
444 1984 552 2070 plena,
574 1988 609 2048 et
631 1984 673 2047 ad
705 1982 854 2048 Priorem
878 1989 914 2048 et
937 1981 1132 2069 Capitulum
1156 1983 1243 2049 Can·

180 2082 388 2149 tuamensem
412 2091 582 2150 eteorum
615 2104 814 2150 successores
846 2084 923 2150 sede
945 2085 1071 2152 ibidem
1093 2091 1244 2163 vacante,

181 2204 242 2267 pro
264 2191 346 2252 rata
367 2187 522 2274 porcione
554 2186 741 2253 vocacionis
772 2192 806 2251 et
828 2187 995 2272 temporis,
1018 2186 1180 2265 deductis,
1203 2194 1243 2254 ut

181 2286 373 2370 praefertur,
410 2287 620 2374 porcionibus
657 2287 775 2354 vicarii
819 2289 975 2375 perpetui
1024 2289 1245 2376 quadraginta

183 2408 382 2469 marcarum,
407 2398 441 2457 et
464 2391 606 2457 duorum
639 2391 896 2478 capellanorum
928 2390 965 2454 in
989 2391 1133 2458 Ecclesia
1158 2391 1243 2458 Oan-

182 2491 350 2555 tuariensi
373 2493 496 2578 viginti
518 2493 688 2571 librarum,
704 2514 743 2558 ac
765 2492 866 2557 unius
889 2491 1061 2579 Capeliani
1083 2494 1189 2559 nostri
1206 2495 1244 2558 in

184 2591 327 2658 ecclesia
349 2593 389 2658 de
411 2595 617 2682 Maydyston
640 2595 750 2660 decem
786 2616 971 2661 marcarum
1002 2597 1186 2672 annuatim,
1209 2601 1244 2661 et

185 2693 396 2781 singulorum
434 2720 656 2765 suceessorum
695 2720 839 2776 suorum,
872 2703 912 2762 ut
949 2698 1132 2784 praefertur,
1171 2720 1244 2785 per-

184 2797 300 2881 petuis
338 2799 461 2865 futuris
506 2801 720 2887 temporibus,
766 2801 957 2886 pe1tineant
1002 2806 1036 2865 et
1080 2802 1245 2886 pertinere

184 2899 341 2979 debeant,
373 2903 551 2969 secundum
583 2904 672 2989 quod
704 2904 741 2967 in
775 2904 873 2969 dietis
905 2904 1026 2968 litteris
1059 2901 1246 2988 apostolicis

187 3001 323 3087 plenius
345 3005 553 3084 continetur3
575 3005 663 3093 ipsos
686 3026 886 3072 successores
901 3008 1030 3070 nostros
1045 3025 1084 3068 ac
1099 3003 1244 3068 Priorem

186 3107 223 3167 et
246 3102 443 3190 Capitulum
468 3106 742 3173 Cantuariensem
768 3112 803 3172 et
825 3126 1025 3172 successores
1059 3126 1135 3169 suos
1169 3125 1244 3169 cum

188 3204 332 3290 singulis
367 3206 587 3272 solutionibus
618 3208 795 3294 praedictis,
818 3208 926 3273 forma
947 3210 982 3271 et
1005 3206 1102 3271 modo
1125 3205 1245 3290 quibus

195 3306 429 3391 praemisimus,
451 3309 600 3373 animam
634 3314 781 3375 nostram
813 3311 1040 3385 exonerantes,
1072 3328 1246 3372 oneramus

186 3407 225 3470 in
248 3408 401 3486 Domino,
424 3410 511 3476 sicut
545 3410 682 3477 Summo
714 3409 851 3477 Judici¹
881 3414 918 3474 in
940 3416 1088 3475 extremo
1118 3409 1245 3495 judicio

191 3510 364 3575 voluerint
386 3514 590 3599 respondere.
648 3513 742 3577 Etsi
768 3512 849 3598 quid
872 3512 1020 3590 dubium,
1044 3511 1246 3597 ambiguum,

190 3611 248 3676 vel
281 3612 464 3692 obscurum,
488 3614 535 3692 in,
567 3635 626 3680 seu
658 3616 707 3693 de,
730 3613 909 3701 praemissis
943 3612 1065 3679 nostris
1098 3614 1244 3688 statutis,

191 3714 466 3793 ordinacionibus,
500 3716 555 3781 vel
588 3737 700 3781 eorum
732 3715 845 3802 aliquo
877 3715 1058 3794 emerserit,
1092 3714 1245 3795 addendi,

193 3817 442 3900 augmentandi,
465 3818 682 3897 diminuendi,
712 3818 915 3895 moderandi,
938 3816 1189 3903 interpretandi,
1210 3823 1246 3882 et

192 3916 389 3996 declarandi,
423 3919 605 4005 specialem,
638 3925 753 3985 tenore
785 3920 1007 4006 praesentium,
1041 3940 1246 3985 reservamus

191 4024 399 4107 potestatem.
460 4022 502 4086 In
536 4022 639 4106 cujus,
662 4027 722 4088 etc.
784 4023 873 4088 Data
902 4023 940 4088 in
973 4021 1101 4087 Palatio
1132 4029 1247 4088 nostro

194 4120 438 4199 (lantuariensi,
462 4123 657 4190 duodecimo
691 4125 745 4189 die
779 4125 900 4190 mensis
935 4123 1126 4189 Decembris
1158 4144 1246 4199 anno

192 4221 330 4288 Domini
351 4237 494 4290 n⁰ccco0
516 4225 699 4307 undecimo,
716 4232 751 4291 et
772 4230 894 4292 nostras
916 4223 1143 4291 translationis
1157 4246 1246 4290 anno

193 4325 424 4392 decimosexto.
454 4332 456 4335 ’

620 4576 628 4609 ¹
640 4575 746 4639 Iudice,
756 4576 814 4629 ΜΒ.
