3350 5800
579 814 873 865 caurusnmusns
1210 801 1252 866 97

189 1000 358 1089 dampnis,
373 1010 410 1069 et
431 1003 692 1089 gravaminibus,
714 1002 762 1067 eia
783 1023 843 1088 per
866 1000 1023 1087 Anglicos
1045 999 1158 1077 illatis,
1181 996 1253 1063 lieri

191 1102 302 1183 debet,
343 1106 447 1190 juxta
492 1110 527 1171 et
564 1104 745 1189 secundum
790 1102 958 1189 quandam
997 1102 1177 1168 clausulam
1216 1101 1251 1163 in

191 1204 318 1271 litteris
340 1206 535 1284 indentatis,
549 1207 591 1272 de
608 1206 730 1291 quibus
752 1204 904 1290 superius
926 1208 1146 1281 memoratur3
1177 1222 1251 1288 qure

192 1305 331 1391 incipit:
356 1306 512 1373 Ueternen
533 1328 586 1382 nc,
599 1328 664 1392 per
679 1304 910 1370 insolentium
932 1311 995 1369 cut
1014 1322 1253 1389 pemerccruro

193 1403 386 1486 minum,
409 1415 470 1474 etc
493 1408 665 1493 usquead
687 1407 779 1472 illam
802 1406 1003 1472 clausulam:
1037 1406 1082 1470 Et
1104 1411 1144 1470 ut
1164 1424 1253 1489 prce·

192 1509 324 1595 scripta
346 1510 476 1587 omnia,
500 1515 559 1575 etc.
606 1508 783 1593 Adjectum
806 1508 942 1593 insuper
964 1506 1033 1571 fuit
1054 1506 1142 1570 inter
1168 1526 1254 1569 nun-

194 1612 268 1689 cios,
302 1614 549 1689 commissarios,
585 1619 620 1677 et
651 1616 877 1697 procuratores
920 1610 1187 1696 praenominatos,
1221 1613 1255 1672 et

194 1710 283 1776 inter
320 1714 450 1779 eosdem
488 1713 696 1779 unanimiter
733 1712 981 1788 concordatum,
1020 1702 1117 1796 quod,
1156 1711 1195 1787 si,
1234 1730 1255 1773 a

195 1812 303 1897 prima
325 1813 379 1877 die
402 1813 525 1878 mensis
551 1812 632 1878 Maii
656 1813 808 1899 proxime
840 1812 955 1877 futura
977 1832 1080 1895 usquc
1103 1811 1145 1875 ad
1169 1811 1254 1874 inte·

196 1936 294 1999 grum
317 1921 441 1982 extunc
464 1937 599 1992 annum,
624 1915 711 1980 laesis
746 1920 782 1980 et
819 1914 1063 1999 dampnificatis
1098 1912 1254 1998 qualiter-

195 2040 346 2104 cumque,
377 2025 416 2084 ut
455 2020 656 2105 praedicitur,
690 2018 882 2096 nominatis,
911 2038 1055 2103 congrua
1098 2017 1191 2102 justa
1221 2022 1255 2080 et

194 2120 412 2198 rationabilis,
436 2122 477 2186 de
500 2122 648 2207 ipsorum
683 2121 836 2205 dampnis
872 2124 906 2185 et
937 2119 1186 2205 gravaminibus
1220 2124 1255 2184 et

196 2221 341 2306 injuriis
363 2222 453 2287 facta
474 2244 542 2287 non
577 2220 684 2286 fuerit
714 2220 920 2300 reformatio,
943 2220 1044 2306 quod,
1067 2218 1154 2283 infra
1188 2225 1255 2284 tres

197 2345 326 2390 menses
350 2326 524 2391 continuos
548 2330 623 2408 post
645 2324 776 2410 lapsum
800 2324 881 2388 anni
905 2322 1103 2407 hujusmodi,
1134 2344 1255 2387 merca-

196 2432 284 2491 tores
322 2427 500 2493 civitatum
538 2425 580 2491 de
619 2426 735 2491 Hansa
772 2424 1008 2512 praedictarum
1045 2446 1184 2512 regnum
1223 2430 1258 2489 et

197 2528 345 2593 dominia
385 2529 467 2595 dicti
502 2528 640 2594 Domini
678 2528 779 2613 Regis
817 2526 958 2614 Angliae,
996 2548 1070 2592 cum
1109 2528 1256 2613 ipsorum

197 2630 409 2695 mercandisis
446 2638 481 2695 et
514 2630 610 2695 bonis
648 2627 731 2704 aliis,
765 2628 854 2693 infra
886 2628 992 2693 dictos
1024 2634 1090 2693 tres
1129 2650 1257 2695 menses

195 2730 299 2817 etiam
321 2731 442 2818 emptis
464 2737 499 2797 et
520 2730 710 2817 acquisitis;
742 2734 777 2793 et
799 2729 934 2816 Anglici
969 2731 1081 2806 etiam,
1104 2732 1255 2795 consimi-

196 2833 275 2899 liter
298 2855 356 2919 per
379 2835 498 2911 omnia,
521 2834 686 2910 civitates,
710 2837 825 2910 terras,
849 2837 885 2898 et
908 2831 1055 2895 dominia
1077 2832 1255 2896 earundem

198 2937 385 3013 civitatum,
416 2938 486 3002 sine
517 2936 759 3014 molestatione,
792 2935 1052 3023 perturbatione,
1075 2935 1130 2999 vel
1153 2936 1257 3020 impe-

198 3039 347 3103 dimento
384 3039 654 3125 quibuscumque,
692 3038 788 3102 nulla
829 3039 896 3103 alia
934 3037 1158 3102 insinuatione
1204 3036 1257 3102 vel

198 3142 380 3207 monitione
403 3142 585 3207 necessaria
606 3141 643 3205 in
667 3141 729 3206 hac
752 3147 855 3227 parte,
872 3141 988 3228 *vitare
1011 3146 1056 3218 et,
1080 3137 1258 3206 dummodo

198 3243 385 3330 legitimum
423 3265 490 3308 non
523 3243 632 3309 subsit
663 3243 951 3329 impedimentum,
989 3242 1031 3309 ab
1066 3243 1189 3308 eisdem
1224 3264 1258 3307 se

198 3346 374 3411 absentare
396 3367 435 3410 ac
457 3346 558 3411 etiarn
583 3345 750 3411 divertere
773 3349 960 3411 teneantur.

245 3447 387 3534 Insuper
420 3447 537 3512 extitit
570 3449 785 3533 promissum,
820 3467 881 3533 per
914 3447 1019 3512 dictos
1042 3445 1258 3511 Wilhclmum

200 3556 235 3615 et
273 3551 297 3615 J
299 3550 472 3628 ohannem,
514 3551 604 3636 quod
656 3551 692 3614 in
741 3551 831 3615 dicto
892 3549 1046 3626 termino,
1092 3548 1257 3625 videlicet,

200 3653 308 3737 primo
354 3652 408 3718 die
442 3651 534 3730 Maii,
567 3651 677 3717 aliove
722 3652 867 3717 termino
901 3649 956 3715 vel
991 3650 1144 3716 terminis
1177 3654 1259 3715 tunc

201 3752 377 3820 limitando
411 3753 466 3819 vel
496 3753 691 3830 limitandis,
724 3753 765 3819 de
796 3752 978 3817 submersis
1009 3755 1044 3816 et
1073 3751 1258 3817 interiectis

201 3855 358 3924 indebite.
394 3877 452 3940 per
474 3854 645 3942 Anglicos,
681 3855 722 3919 de
757 3859 848 3918 terra
871 3853 996 3919 Prusia
1029 3858 1064 3918 et
1087 3853 1258 3939 Lyvonice,

203 3978 242 4022 ac
275 3956 481 4034 civitatibus,
503 3956 643 4043 oppidis,
667 3962 702 4021 et
733 3956 813 4022 locis
834 3955 910 4020 aliis
933 3956 973 4020 de
997 3956 1123 4032 Hansa,
1146 3957 1260 4022 debita

204 4059 342 4124 emenda
373 4063 407 4124 et
440 4079 586 4144 congrua
618 4057 805 4123 satisfactio
839 4057 912 4122 fieri
935 4057 1076 4136 debebit,
1100 4063 1135 4122 et
1171 4057 1259 4143 quod

204 4161 382 4227 secundum
400 4167 548 4225 tenorem
571 4159 746 4243 cujusdam
762 4159 898 4235 cedulae,
914 4180 1013 4245 super
1029 4159 1259 4224 emendatione

205 4263 368 4328 dictorum
391 4263 638 4329 submersorum
662 4266 695 4326 et
730 4259 984 4326 interfectorum
1008 4266 1188 4348 conceptae,
1210 4263 1260 4347 ip·

206 4365 316 4448 sisque
354 4387 414 4450 per
451 4365 630 4429 Albertum
670 4362 772 4440 Rode,
803 4361 981 4428 Consulem
1027 4363 1175 4429 civitatis
1220 4363 1260 4428 de

206 4465 355 4542 Thoren’,
390 4487 429 4532 ao
474 4466 736 4552 praenominatos
774 4471 1004 4552 procuratores
1043 4471 1078 4530 et
1122 4465 1261 4530 nuncios

203 4569 379 4635 civitatum
415 4569 652 4653 praedictnrum
690 4569 930 4655 pronunciatus,
970 4590 1030 4653 pro
1071 4567 1261 4653 hujusmodi

206 4669 345 4736 emenda
378 4669 498 4745 fienda,
521 4671 630 4735 velint
665 4676 700 4734 et
723 4669 869 4734 debeant
904 4669 1049 4732 fideliter
1072 4673 1107 4732 et
1130 4667 1261 4732 effectu-

308 4772 333 4821 r
369 4775 460 4820 sectr.
1107 4787 1129 4834 ρ
