<?xml version="1.0" encoding="UTF-8"?>
<!DOCTYPE html PUBLIC "-//W3C//DTD XHTML 1.0 Transitional//EN"
    "http://www.w3.org/TR/xhtml1/DTD/xhtml1-transitional.dtd">
<html xmlns="http://www.w3.org/1999/xhtml" xml:lang="en" lang="en">
 <head>
  <title>
</title>
<meta http-equiv="Content-Type" content="text/html;charset=utf-8" />
  <meta name='ocr-system' content='tesseract 3.04.00' />
  <meta name='ocr-capabilities' content='ocr_page ocr_carea ocr_par ocr_line ocrx_word'/>
</head>
<body>
  <div class='ocr_page' id='page_1' title='image "./literaecantuari00shepgoog/literaecantuari00shepgoog_0109.png"; bbox 0 0 3350 5800; ppageno 0'>
   <div class='ocr_carea' id='block_1_1' title="bbox 387 842 978 902">
    <p class='ocr_par' dir='ltr' id='par_1_1' title="bbox 387 842 978 902">
     <span class='ocr_line' id='line_1_1' title="bbox 387 842 978 902; baseline 0.002 -1"><span class='ocrx_word' id='word_1_1' title='bbox 387 842 429 901; x_wconf 72' lang='lat' dir='ltr'><strong>lo</strong></span> <span class='ocrx_word' id='word_1_2' title='bbox 847 854 978 902; x_wconf 71' lang='lat' dir='ltr'><strong>nusum</strong></span> 
     </span>
    </p>
   </div>
   <div class='ocr_carea' id='block_1_2' title="bbox 323 1041 1438 2236">
    <p class='ocr_par' dir='ltr' id='par_1_2' title="bbox 323 1041 1438 2236">
     <span class='ocr_line' id='line_1_2' title="bbox 387 1041 1436 1125; baseline 0 -22"><span class='ocrx_word' id='word_1_3' title='bbox 387 1042 545 1125; x_wconf 83' lang='lat' dir='ltr'><strong>praediote</strong></span> <span class='ocrx_word' id='word_1_4' title='bbox 575 1043 615 1107; x_wconf 93' lang='lat' dir='ltr'><strong>de</strong></span> <span class='ocrx_word' id='word_1_5' title='bbox 648 1042 847 1107; x_wconf 72' lang='lat' dir='ltr'><strong>fundacione</strong></span> <span class='ocrx_word' id='word_1_6' title='bbox 880 1041 1129 1125; x_wconf 84' lang='lat' dir='ltr'><strong>progenitorum</strong></span> <span class='ocrx_word' id='word_1_7' title='bbox 1168 1047 1367 1116; x_wconf 86' lang='lat' dir='ltr'><strong>nostrorum,</strong></span> <span class='ocrx_word' id='word_1_8' title='bbox 1400 1043 1436 1104; x_wconf 88' lang='lat' dir='ltr'><strong>et</strong></span> 
     </span>
     <span class='ocr_line' id='line_1_3' title="bbox 387 1141 1434 1229; baseline -0.005 -20"><span class='ocrx_word' id='word_1_9' title='bbox 387 1148 498 1209; x_wconf 89' lang='lat' dir='ltr'><strong>nostro</strong></span> <span class='ocrx_word' id='word_1_10' title='bbox 521 1148 709 1229; x_wconf 73' lang='lat' dir='ltr'><strong>patronatu,</strong></span> <span class='ocrx_word' id='word_1_11' title='bbox 733 1148 773 1208; x_wconf 91' lang='lat' dir='ltr'><strong>ut</strong></span> <span class='ocrx_word' id='word_1_12' title='bbox 795 1142 1014 1229; x_wconf 71' lang='lat' dir='ltr'><strong>praemittitur</strong></span> <span class='ocrx_word' id='word_1_13' title='bbox 1035 1142 1171 1223; x_wconf 85' lang='lat' dir='ltr'><strong>existit;</strong></span> <span class='ocrx_word' id='word_1_14' title='bbox 1200 1148 1260 1207; x_wconf 82' lang='lat' dir='ltr'><strong>sut</strong></span> <span class='ocrx_word' id='word_1_15' title='bbox 1282 1164 1321 1207; x_wconf 90' lang='lat' dir='ltr'><strong>eo</strong></span> <span class='ocrx_word' id='word_1_16' title='bbox 1344 1141 1434 1226; x_wconf 88' lang='lat' dir='ltr'><strong>quod</strong></span> 
     </span>
     <span class='ocr_line' id='line_1_4' title="bbox 368 1236 1437 1330; baseline -0.006 -21"><span class='ocrx_word' id='word_1_17' title='bbox 368 1236 544 1322; x_wconf 65' lang='lat' dir='ltr'><strong>&#39;corrodis</strong></span> <span class='ocrx_word' id='word_1_18' title='bbox 577 1266 616 1309; x_wconf 84' lang='lat' dir='ltr'><strong>so</strong></span> <span class='ocrx_word' id='word_1_19' title='bbox 647 1245 769 1330; x_wconf 89' lang='lat' dir='ltr'><strong>pensio,</strong></span> <span class='ocrx_word' id='word_1_20' title='bbox 793 1249 828 1309; x_wconf 86' lang='lat' dir='ltr'><strong>et</strong></span> <span class='ocrx_word' id='word_1_21' title='bbox 860 1244 1063 1308; x_wconf 76' lang='lat' dir='ltr'><strong>sustentacio</strong></span> <span class='ocrx_word' id='word_1_22' title='bbox 1094 1243 1265 1329; x_wconf 66' lang='lat' dir='ltr'><strong>praedicte,</strong></span> <span class='ocrx_word' id='word_1_23' title='bbox 1287 1241 1437 1327; x_wconf 89' lang='lat' dir='ltr'><strong>personis</strong></span> 
     </span>
     <span class='ocr_line' id='line_1_5' title="bbox 387 1344 1435 1431; baseline -0.003 -22"><span class='ocrx_word' id='word_1_24' title='bbox 387 1344 562 1429; x_wconf 75' lang='lat' dir='ltr'><strong>praedietis,</strong></span> <span class='ocrx_word' id='word_1_25' title='bbox 577 1349 638 1409; x_wconf 82' lang='lat' dir='ltr'><strong>sut</strong></span> <span class='ocrx_word' id='word_1_26' title='bbox 659 1344 733 1410; x_wconf 81' lang='lat' dir='ltr'><strong>eliis</strong></span> <span class='ocrx_word' id='word_1_27' title='bbox 756 1344 1028 1429; x_wconf 83' lang='lat' dir='ltr'><strong>quibuscumque,</strong></span> <span class='ocrx_word' id='word_1_28' title='bbox 1043 1344 1086 1408; x_wconf 80' lang='lat' dir='ltr'><strong>ed</strong></span> <span class='ocrx_word' id='word_1_29' title='bbox 1109 1348 1263 1431; x_wconf 73' lang='lat' dir='ltr'><strong>rogatum</strong></span> <span class='ocrx_word' id='word_1_30' title='bbox 1284 1347 1435 1407; x_wconf 89' lang='lat' dir='ltr'><strong>nostrum</strong></span> 
     </span>
     <span class='ocr_line' id='line_1_6' title="bbox 323 1443 1435 1531; baseline -0.002 -23"><span class='ocrx_word' id='word_1_31' title='bbox 323 1492 326 1499; x_wconf 87' lang='lat'><em>.</em></span> <span class='ocrx_word' id='word_1_32' title='bbox 388 1445 440 1511; x_wconf 92' lang='lat' dir='ltr'><strong>vel</strong></span> <span class='ocrx_word' id='word_1_33' title='bbox 463 1445 626 1511; x_wconf 83' lang='lat' dir='ltr'><strong>dictorum</strong></span> <span class='ocrx_word' id='word_1_34' title='bbox 642 1446 890 1531; x_wconf 81' lang='lat' dir='ltr'><strong>progenitorum</strong></span> <span class='ocrx_word' id='word_1_35' title='bbox 913 1450 1110 1522; x_wconf 82' lang='lat' dir='ltr'><strong>nostrorum,</strong></span> <span class='ocrx_word' id='word_1_36' title='bbox 1126 1466 1280 1512; x_wconf 76' lang='lat' dir='ltr'><strong>eonossse</strong></span> <span class='ocrx_word' id='word_1_37' title='bbox 1300 1443 1435 1520; x_wconf 78' lang='lat' dir='ltr'><strong>firerint,</strong></span> 
     </span>
     <span class='ocr_line' id='line_1_7' title="bbox 387 1543 1437 1623; baseline -0.003 -13"><span class='ocrx_word' id='word_1_38' title='bbox 387 1553 447 1611; x_wconf 81' lang='lat' dir='ltr'><strong>aut</strong></span> <span class='ocrx_word' id='word_1_39' title='bbox 476 1546 578 1612; x_wconf 86' lang='lat' dir='ltr'><strong>etium</strong></span> <span class='ocrx_word' id='word_1_40' title='bbox 609 1546 741 1613; x_wconf 88' lang='lat' dir='ltr'><strong>oonoedi</strong></span> <span class='ocrx_word' id='word_1_41' title='bbox 773 1546 933 1611; x_wconf 85' lang='lat' dir='ltr'><strong>deberent</strong></span> <span class='ocrx_word' id='word_1_42' title='bbox 966 1547 1006 1611; x_wconf 90' lang='lat' dir='ltr'><strong>de</strong></span> <span class='ocrx_word' id='word_1_43' title='bbox 1039 1546 1287 1623; x_wconf 87' lang='lat' dir='ltr'><strong>eonsuetudine,</strong></span> <span class='ocrx_word' id='word_1_44' title='bbox 1309 1544 1365 1609; x_wconf 88' lang='lat' dir='ltr'><strong>vel</strong></span> <span class='ocrx_word' id='word_1_45' title='bbox 1395 1543 1437 1608; x_wconf 88' lang='lat' dir='ltr'><strong>de</strong></span> 
     </span>
     <span class='ocr_line' id='line_1_8' title="bbox 382 1644 1437 1732; baseline -0.001 -22"><span class='ocrx_word' id='word_1_46' title='bbox 382 1646 476 1732; x_wconf 80' lang='lat' dir='ltr'><strong>jure3</strong></span> <span class='ocrx_word' id='word_1_47' title='bbox 506 1668 564 1715; x_wconf 89' lang='lat' dir='ltr'><strong>sou</strong></span> <span class='ocrx_word' id='word_1_48' title='bbox 586 1668 624 1711; x_wconf 88' lang='lat' dir='ltr'><strong>eo</strong></span> <span class='ocrx_word' id='word_1_49' title='bbox 647 1646 736 1731; x_wconf 90' lang='lat' dir='ltr'><strong>quod</strong></span> <span class='ocrx_word' id='word_1_50' title='bbox 759 1666 906 1731; x_wconf 81' lang='lat' dir='ltr'><strong>personne</strong></span> <span class='ocrx_word' id='word_1_51' title='bbox 936 1647 1113 1731; x_wconf 84' lang='lat' dir='ltr'><strong>praediotae,</strong></span> <span class='ocrx_word' id='word_1_52' title='bbox 1135 1652 1196 1711; x_wconf 82' lang='lat' dir='ltr'><strong>out</strong></span> <span class='ocrx_word' id='word_1_53' title='bbox 1217 1646 1340 1731; x_wconf 79' lang='lat' dir='ltr'><strong>sliquae</strong></span> <span class='ocrx_word' id='word_1_54' title='bbox 1361 1644 1437 1709; x_wconf 84' lang='lat' dir='ltr'><strong>nliae</strong></span> 
     </span>
     <span class='ocr_line' id='line_1_9' title="bbox 388 1746 1437 1833; baseline -0.004 -21"><span class='ocrx_word' id='word_1_55' title='bbox 388 1769 534 1833; x_wconf 86' lang='lat' dir='ltr'><strong>personae</strong></span> <span class='ocrx_word' id='word_1_56' title='bbox 556 1746 609 1811; x_wconf 90' lang='lat' dir='ltr'><strong>hio</strong></span> <span class='ocrx_word' id='word_1_57' title='bbox 641 1768 708 1811; x_wconf 91' lang='lat' dir='ltr'><strong>non</strong></span> <span class='ocrx_word' id='word_1_58' title='bbox 739 1746 943 1833; x_wconf 84' lang='lat' dir='ltr'><strong>spoeifiontae,</strong></span> <span class='ocrx_word' id='word_1_59' title='bbox 966 1746 1010 1810; x_wconf 84' lang='lat' dir='ltr'><strong>od</strong></span> <span class='ocrx_word' id='word_1_60' title='bbox 1043 1746 1202 1823; x_wconf 78' lang='lat' dir='ltr'><strong>corrodis,</strong></span> <span class='ocrx_word' id='word_1_61' title='bbox 1235 1746 1437 1831; x_wconf 82' lang='lat' dir='ltr'>pensionem,</span> 
     </span>
     <span class='ocr_line' id='line_1_10' title="bbox 387 1846 1437 1933; baseline -0.004 -20"><span class='ocrx_word' id='word_1_62' title='bbox 387 1854 422 1913; x_wconf 87' lang='lat' dir='ltr'><strong>et</strong></span> <span class='ocrx_word' id='word_1_63' title='bbox 453 1848 731 1913; x_wconf 71' lang='lat' dir='ltr'><strong>sustentationem</strong></span> <span class='ocrx_word' id='word_1_64' title='bbox 766 1848 935 1933; x_wconf 83' lang='lat' dir='ltr'><strong>praediote,</strong></span> <span class='ocrx_word' id='word_1_65' title='bbox 957 1847 1110 1912; x_wconf 81' lang='lat' dir='ltr'><strong>sdmissae</strong></span> <span class='ocrx_word' id='word_1_66' title='bbox 1144 1847 1270 1912; x_wconf 83' lang='lat' dir='ltr'><strong>fuerint</strong></span> <span class='ocrx_word' id='word_1_67' title='bbox 1299 1846 1355 1911; x_wconf 90' lang='lat' dir='ltr'><strong>vel</strong></span> <span class='ocrx_word' id='word_1_68' title='bbox 1384 1868 1437 1910; x_wconf 90' lang='lat' dir='ltr'><strong>re·</strong></span> 
     </span>
     <span class='ocr_line' id='line_1_11' title="bbox 387 1947 1436 2035; baseline -0.005 -20"><span class='ocrx_word' id='word_1_69' title='bbox 387 1954 498 2035; x_wconf 84' lang='lat' dir='ltr'><strong>ooptee.</strong></span> <span class='ocrx_word' id='word_1_70' title='bbox 547 1947 589 2012; x_wconf 92' lang='lat' dir='ltr'><strong>In</strong></span> <span class='ocrx_word' id='word_1_71' title='bbox 611 1948 706 2029; x_wconf 85' lang='lat' dir='ltr'><strong>eujus</strong></span> <span class='ocrx_word' id='word_1_72' title='bbox 737 1949 784 2013; x_wconf 91' lang='lat' dir='ltr'><strong>rei</strong></span> <span class='ocrx_word' id='word_1_73' title='bbox 809 1947 1037 2013; x_wconf 86' lang='lat' dir='ltr'><strong>testimonium</strong></span> <span class='ocrx_word' id='word_1_74' title='bbox 1072 1947 1132 2013; x_wconf 84' lang='lat' dir='ltr'><strong>hss</strong></span> <span class='ocrx_word' id='word_1_75' title='bbox 1156 1949 1285 2013; x_wconf 74' lang='lat' dir='ltr'><strong>litteras</strong></span> <span class='ocrx_word' id='word_1_76' title='bbox 1307 1952 1436 2011; x_wconf 84' lang='lat' dir='ltr'><strong>nostrus</strong></span> 
     </span>
     <span class='ocr_line' id='line_1_12' title="bbox 388 2048 1438 2136; baseline -0.002 -22"><span class='ocrx_word' id='word_1_77' title='bbox 388 2052 460 2117; x_wconf 91' lang='lat' dir='ltr'><strong>fieri</strong></span> <span class='ocrx_word' id='word_1_78' title='bbox 495 2051 632 2116; x_wconf 78' lang='lat' dir='ltr'><strong>fecimus</strong></span> <span class='ocrx_word' id='word_1_79' title='bbox 663 2054 824 2136; x_wconf 82' lang='lat' dir='ltr'><strong>patentes.</strong></span> <span class='ocrx_word' id='word_1_80' title='bbox 881 2048 979 2115; x_wconf 85' lang='lat' dir='ltr'><strong>Teste</strong></span> <span class='ocrx_word' id='word_1_81' title='bbox 1002 2050 1129 2135; x_wconf 87' lang='lat' dir='ltr'><strong>meipso</strong></span> <span class='ocrx_word' id='word_1_82' title='bbox 1160 2049 1251 2135; x_wconf 84' lang='lat' dir='ltr'><strong>apud</strong></span> <span class='ocrx_word' id='word_1_83' title='bbox 1276 2048 1438 2113; x_wconf 89' lang='lat' dir='ltr'><strong>Westmo-</strong></span> 
     </span>
     <span class='ocr_line' id='line_1_13' title="bbox 387 2149 1437 2236; baseline -0.003 -19"><span class='ocrx_word' id='word_1_84' title='bbox 387 2153 578 2229; x_wconf 83' lang='lat' dir='ltr'><strong>nesterium,</strong></span> <span class='ocrx_word' id='word_1_85' title='bbox 610 2151 858 2236; x_wconf 79' lang='lat' dir='ltr'><strong>quartodecimo</strong></span> <span class='ocrx_word' id='word_1_86' title='bbox 893 2150 947 2215; x_wconf 88' lang='lat' dir='ltr'><strong>die</strong></span> <span class='ocrx_word' id='word_1_87' title='bbox 969 2150 1063 2229; x_wconf 87' lang='lat' dir='ltr'><strong>Julii,</strong></span> <span class='ocrx_word' id='word_1_88' title='bbox 1086 2170 1176 2215; x_wconf 82' lang='lat' dir='ltr'><strong>enno</strong></span> <span class='ocrx_word' id='word_1_89' title='bbox 1208 2149 1301 2235; x_wconf 84' lang='lat' dir='ltr'><strong>regni</strong></span> <span class='ocrx_word' id='word_1_90' title='bbox 1332 2150 1437 2215; x_wconf 89' lang='lat' dir='ltr'><strong>nostri</strong></span> 
     </span>
    </p>
   </div>
   <div class='ocr_carea' id='block_1_3' title="bbox 385 2255 1391 2437">
    <p class='ocr_par' dir='ltr' id='par_1_3' title="bbox 385 2255 1391 2437">
     <span class='ocr_line' id='line_1_14' title="bbox 385 2255 607 2321; baseline 0 -2"><span class='ocrx_word' id='word_1_91' title='bbox 385 2255 607 2321; x_wconf 73' lang='lat' dir='ltr'><strong>decimonono.</strong></span> 
     </span>
     <span class='ocr_line' id='line_1_15' title="bbox 1042 2350 1391 2437; baseline 0.003 -22"><span class='ocrx_word' id='word_1_92' title='bbox 1042 2350 1106 2416; x_wconf 88' lang='lat' dir='ltr'><strong>Per</strong></span> <span class='ocrx_word' id='word_1_93' title='bbox 1127 2353 1236 2437; x_wconf 88' lang='lat' dir='ltr'><strong>ipsum</strong></span> <span class='ocrx_word' id='word_1_94' title='bbox 1259 2350 1391 2436; x_wconf 83' lang='lat' dir='ltr'><strong>Regem.</strong></span> 
     </span>
    </p>
   </div>
   <div class='ocr_carea' id='block_1_4' title="bbox 219 2532 1436 2807">
    <p class='ocr_par' dir='ltr' id='par_1_4' title="bbox 219 2532 1436 2807">
     <span class='ocr_line' id='line_1_16' title="bbox 253 2532 1435 2650; baseline -0.009 -38"><span class='ocrx_word' id='word_1_95' title='bbox 253 2532 346 2650; x_wconf 61' lang='lat' dir='ltr'><strong>⁷1s³s⁰s¹³</strong></span> <span class='ocrx_word' id='word_1_96' title='bbox 410 2542 722 2611; x_wconf 75' lang='lat' dir='ltr'><strong>960.-·Osnronr1o</strong></span> <span class='ocrx_word' id='word_1_97' title='bbox 746 2539 890 2604; x_wconf 80' lang='lat' dir='ltr'><strong>Pruorus</strong></span> <span class='ocrx_word' id='word_1_98' title='bbox 913 2554 955 2603; x_wconf 78' lang='lat' dir='ltr'><strong>rr</strong></span> <span class='ocrx_word' id='word_1_99' title='bbox 978 2538 1192 2604; x_wconf 80' lang='lat' dir='ltr'><strong>Oouvuurus</strong></span> <span class='ocrx_word' id='word_1_100' title='bbox 1207 2554 1274 2602; x_wconf 82' lang='lat' dir='ltr'><strong>rso</strong></span> <span class='ocrx_word' id='word_1_101' title='bbox 1296 2553 1435 2602; x_wconf 80' lang='lat' dir='ltr'><strong>neonus</strong></span> 
     </span>
     <span class='ocr_line' id='line_1_17' title="bbox 219 2636 1435 2767; baseline -0.005 -59"><span class='ocrx_word' id='word_1_102' title='bbox 219 2636 334 2767; x_wconf 51' lang='grc' dir='ltr'><strong>Μ’</strong></span> <span class='ocrx_word' id='word_1_103' title='bbox 580 2658 694 2706; x_wconf 78' lang='lat' dir='ltr'><strong>rusius</strong></span> <span class='ocrx_word' id='word_1_104' title='bbox 733 2639 863 2705; x_wconf 76' lang='lat' dir='ltr'><strong>Sustri</strong></span> <span class='ocrx_word' id='word_1_105' title='bbox 901 2640 1080 2715; x_wconf 74' lang='lat' dir='ltr'><strong>Enwmnr,</strong></span> <span class='ocrx_word' id='word_1_106' title='bbox 1112 2655 1305 2716; x_wconf 79' lang='lat' dir='ltr'><strong>vrnmrcrr,</strong></span> <span class='ocrx_word' id='word_1_107' title='bbox 1339 2655 1435 2713; x_wconf 81' lang='lat' dir='ltr'><strong>onon</strong></span> 
     </span>
     <span class='ocr_line' id='line_1_18' title="bbox 240 2750 1436 2807; baseline -0.005 2"><span class='ocrx_word' id='word_1_108' title='bbox 240 2751 246 2766; x_wconf 88' lang='lat'><strong>·</strong></span> <span class='ocrx_word' id='word_1_109' title='bbox 315 2750 322 2764; x_wconf 88' lang='lat'><strong>·</strong></span> <span class='ocrx_word' id='word_1_110' title='bbox 587 2759 687 2807; x_wconf 78' lang='lat' dir='ltr'><strong>siour</strong></span> <span class='ocrx_word' id='word_1_111' title='bbox 724 2756 830 2806; x_wconf 79' lang='lat' dir='ltr'><strong>susm</strong></span> <span class='ocrx_word' id='word_1_112' title='bbox 876 2756 1096 2805; x_wconf 74' lang='lat' dir='ltr'><strong>remensus</strong></span> <span class='ocrx_word' id='word_1_113' title='bbox 1134 2756 1294 2805; x_wconf 82' lang='lat' dir='ltr'><strong>smsunrs</strong></span> <span class='ocrx_word' id='word_1_114' title='bbox 1331 2755 1436 2803; x_wconf 79' lang='lat' dir='ltr'><strong>nsum</strong></span> 
     </span>
    </p>
   </div>
   <div class='ocr_carea' id='block_1_5' title="bbox 587 2857 1120 2910">
    <p class='ocr_par' dir='ltr' id='par_1_5' title="bbox 587 2857 1120 2910">
     <span class='ocr_line' id='line_1_19' title="bbox 587 2857 1120 2910; baseline -0.008 0"><span class='ocrx_word' id='word_1_115' title='bbox 587 2859 835 2910; x_wconf 78' lang='lat' dir='ltr'>IMPERPE&#39;PUUM</span> <span class='ocrx_word' id='word_1_116' title='bbox 859 2857 1120 2909; x_wconf 66' lang='lat' dir='ltr'><strong>cumrerum</strong></span> 
     </span>
    </p>
   </div>
   <div class='ocr_carea' id='block_1_6' title="bbox 213 2993 1435 4694">
    <p class='ocr_par' dir='ltr' id='par_1_6' title="bbox 213 2993 1435 4694">
     <span class='ocr_line' id='line_1_20' title="bbox 217 2993 1434 3068; baseline -0.007 0"><span class='ocrx_word' id='word_1_117' title='bbox 217 3015 356 3068; x_wconf 79' lang='lat' dir='ltr'><strong>lnreeom-</strong></span> <span class='ocrx_word' id='word_1_118' title='bbox 432 2997 719 3066; x_wconf 77' lang='lat' dir='ltr'><strong>Excellentissimo</strong></span> <span class='ocrx_word' id='word_1_119' title='bbox 743 2995 878 3061; x_wconf 91' lang='lat' dir='ltr'><strong>domino</strong></span> <span class='ocrx_word' id='word_1_120' title='bbox 901 3000 1015 3060; x_wconf 87' lang='lat' dir='ltr'><strong>nostro</strong></span> <span class='ocrx_word' id='word_1_121' title='bbox 1038 2993 1184 3059; x_wconf 88' lang='lat' dir='ltr'><strong>Domino</strong></span> <span class='ocrx_word' id='word_1_122' title='bbox 1206 2993 1349 3059; x_wconf 84' lang='lat' dir='ltr'><strong>Riosrdo</strong></span> <span class='ocrx_word' id='word_1_123' title='bbox 1371 2993 1434 3059; x_wconf 88' lang='lat' dir='ltr'><strong>Dei</strong></span> 
     </span>
     <span class='ocr_line' id='line_1_21' title="bbox 217 3082 1434 3198; baseline -0.007 -30"><span class='ocrx_word' id='word_1_124' title='bbox 217 3082 372 3198; x_wconf 55' lang='lat' dir='ltr'><strong>ffiffirs</strong></span> <span class='ocrx_word' id='word_1_125' title='bbox 385 3102 494 3189; x_wconf 79' lang='lat' dir='ltr'><strong>gratis</strong></span> <span class='ocrx_word' id='word_1_126' title='bbox 515 3101 600 3186; x_wconf 75' lang='lat' dir='ltr'><strong>Regi</strong></span> <span class='ocrx_word' id='word_1_127' title='bbox 625 3097 763 3185; x_wconf 84' lang='lat' dir='ltr'><strong>Angliae,</strong></span> <span class='ocrx_word' id='word_1_128' title='bbox 787 3102 848 3162; x_wconf 87' lang='lat' dir='ltr'><strong>eto.</strong></span> <span class='ocrx_word' id='word_1_129' title='bbox 873 3095 976 3160; x_wconf 86' lang='lat' dir='ltr'><strong>vestri</strong></span> <span class='ocrx_word' id='word_1_130' title='bbox 1006 3096 1190 3160; x_wconf 74' lang='lat' dir='ltr'><strong>servientes</strong></span> <span class='ocrx_word' id='word_1_131' title='bbox 1223 3101 1259 3159; x_wconf 92' lang='lat' dir='ltr'><strong>et</strong></span> <span class='ocrx_word' id='word_1_132' title='bbox 1290 3100 1434 3160; x_wconf 75' lang='lat' dir='ltr'><strong>oratores</strong></span> 
     </span>
     <span class='ocr_line' id='line_1_22' title="bbox 217 3195 1435 3278; baseline -0.002 -14"><span class='ocrx_word' id='word_1_133' title='bbox 217 3215 325 3278; x_wconf 60' lang='lat' dir='ltr'><strong>panus</strong></span> <span class='ocrx_word' id='word_1_134' title='bbox 337 3215 373 3278; x_wconf 79' lang='lat' dir='ltr'><strong>by</strong></span> <span class='ocrx_word' id='word_1_135' title='bbox 385 3202 573 3278; x_wconf 87' lang='lat' dir='ltr'><strong>humillimi,</strong></span> <span class='ocrx_word' id='word_1_136' title='bbox 588 3199 731 3265; x_wconf 86' lang='lat' dir='ltr'><strong>Thomss</strong></span> <span class='ocrx_word' id='word_1_137' title='bbox 746 3197 841 3263; x_wconf 88' lang='lat' dir='ltr'><strong>Prior</strong></span> <span class='ocrx_word' id='word_1_138' title='bbox 863 3203 898 3262; x_wconf 90' lang='lat' dir='ltr'><strong>et</strong></span> <span class='ocrx_word' id='word_1_139' title='bbox 921 3197 1113 3264; x_wconf 81' lang='lat' dir='ltr'><strong>Conventus</strong></span> <span class='ocrx_word' id='word_1_140' title='bbox 1137 3195 1294 3262; x_wconf 83' lang='lat' dir='ltr'><strong>Eeelesise</strong></span> <span class='ocrx_word' id='word_1_141' title='bbox 1310 3197 1435 3262; x_wconf 81' lang='lat' dir='ltr'><strong>Christi</strong></span> 
     </span>
     <span class='ocr_line' id='line_1_23' title="bbox 216 3279 1435 3409; baseline -0.007 -36"><span class='ocrx_word' id='word_1_142' title='bbox 216 3279 329 3409; x_wconf 47' lang='grc' dir='ltr'><strong>ἓξὲξ</strong></span> <span class='ocrx_word' id='word_1_143' title='bbox 387 3301 644 3378; x_wconf 80' lang='lat' dir='ltr'><strong>Ountusrieneis,</strong></span> <span class='ocrx_word' id='word_1_144' title='bbox 682 3321 757 3366; x_wconf 88' lang='lat' dir='ltr'><strong>oum</strong></span> <span class='ocrx_word' id='word_1_145' title='bbox 795 3299 1000 3384; x_wconf 80' lang='lat' dir='ltr'><strong>subjectione</strong></span> <span class='ocrx_word' id='word_1_146' title='bbox 1045 3296 1233 3362; x_wconf 82' lang='lat' dir='ltr'><strong>omnimode</strong></span> <span class='ocrx_word' id='word_1_147' title='bbox 1278 3299 1435 3385; x_wconf 89' lang='lat' dir='ltr'><strong>quioquid</strong></span> 
     </span>
     <span class='ocr_line' id='line_1_24' title="bbox 217 3399 1435 3494; baseline -0.006 -21"><span class='ocrx_word' id='word_1_148' title='bbox 217 3410 331 3486; x_wconf 64' lang='lat' dir='ltr'><strong>chum,</strong></span> <span class='ocrx_word' id='word_1_149' title='bbox 386 3406 590 3494; x_wconf 90' lang='lat' dir='ltr'><strong>potuerimus</strong></span> <span class='ocrx_word' id='word_1_150' title='bbox 613 3402 806 3466; x_wconf 79' lang='lat' dir='ltr'><strong>reverentino</strong></span> <span class='ocrx_word' id='word_1_151' title='bbox 830 3405 865 3465; x_wconf 89' lang='lat' dir='ltr'><strong>et</strong></span> <span class='ocrx_word' id='word_1_152' title='bbox 887 3400 1028 3465; x_wconf 86' lang='lat' dir='ltr'><strong>honoris.</strong></span> <span class='ocrx_word' id='word_1_153' title='bbox 1074 3399 1206 3465; x_wconf 84' lang='lat' dir='ltr'><strong>Pleeuit</strong></span> <span class='ocrx_word' id='word_1_154' title='bbox 1227 3401 1435 3485; x_wconf 91' lang='lat' dir='ltr'><strong>omnipoten-</strong></span> 
     </span>
     <span class='ocr_line' id='line_1_25' title="bbox 217 3475 1434 3603; baseline -0.008 -27"><span class='ocrx_word' id='word_1_155' title='bbox 217 3475 362 3603; x_wconf 52' lang='lat' dir='ltr'><strong>ffiffi.</strong></span> <span class='ocrx_word' id='word_1_156' title='bbox 386 3509 430 3575; x_wconf 88' lang='lat' dir='ltr'><strong>tis</strong></span> <span class='ocrx_word' id='word_1_157' title='bbox 453 3505 516 3573; x_wconf 91' lang='lat' dir='ltr'><strong>Dei</strong></span> <span class='ocrx_word' id='word_1_158' title='bbox 539 3493 769 3569; x_wconf 84' lang='lat' dir='ltr'><strong>mise&#39;rioordiae</strong></span> <span class='ocrx_word' id='word_1_159' title='bbox 799 3503 920 3567; x_wconf 84' lang='lat' dir='ltr'><strong>vestris</strong></span> <span class='ocrx_word' id='word_1_160' title='bbox 951 3501 1165 3586; x_wconf 79' lang='lat' dir='ltr'><strong>temporibus,</strong></span> <span class='ocrx_word' id='word_1_161' title='bbox 1186 3522 1246 3586; x_wconf 86' lang='lat' dir='ltr'><strong>per</strong></span> <span class='ocrx_word' id='word_1_162' title='bbox 1267 3504 1434 3587; x_wconf 73' lang='lat' dir='ltr'><strong>magnitu-</strong></span> 
     </span>
     <span class='ocr_line' id='line_1_26' title="bbox 216 3602 1433 3720; baseline -0.01 -42"><span class='ocrx_word' id='word_1_163' title='bbox 216 3613 341 3720; x_wconf 54' lang='lat' dir='ltr'><strong>“nffi‘</strong></span> <span class='ocrx_word' id='word_1_164' title='bbox 389 3609 478 3676; x_wconf 90' lang='lat' dir='ltr'><strong>dinis</strong></span> <span class='ocrx_word' id='word_1_165' title='bbox 511 3613 633 3672; x_wconf 72' lang='lat' dir='ltr'><strong>vestrm</strong></span> <span class='ocrx_word' id='word_1_166' title='bbox 674 3603 912 3676; x_wconf 81' lang='lat' dir='ltr'><strong>excellentium,</strong></span> <span class='ocrx_word' id='word_1_167' title='bbox 944 3602 1217 3668; x_wconf 76' lang='lat' dir='ltr'><strong>(lentuerieneem</strong></span> <span class='ocrx_word' id='word_1_168' title='bbox 1255 3603 1433 3678; x_wconf 71' lang='lat' dir='ltr'><strong>Ecclesim</strong></span> 
     </span>
     <span class='ocr_line' id='line_1_27' title="bbox 215 3678 1433 3801; baseline -0.007 -23"><span class='ocrx_word' id='word_1_169' title='bbox 215 3678 366 3801; x_wconf 53' lang='lat' dir='ltr'><strong>rtpffimrm</strong></span> <span class='ocrx_word' id='word_1_170' title='bbox 391 3709 542 3785; x_wconf 70' lang='lat' dir='ltr'><strong>exultem,</strong></span> <span class='ocrx_word' id='word_1_171' title='bbox 559 3728 618 3792; x_wconf 89' lang='lat' dir='ltr'><strong>pro</strong></span> <span class='ocrx_word' id='word_1_172' title='bbox 646 3725 710 3790; x_wconf 91' lang='lat' dir='ltr'><strong>quo</strong></span> <span class='ocrx_word' id='word_1_173' title='bbox 727 3709 762 3769; x_wconf 87' lang='lat' dir='ltr'><strong>et</strong></span> <span class='ocrx_word' id='word_1_174' title='bbox 776 3726 845 3782; x_wconf 90' lang='lat' dir='ltr'><strong>nos,</strong></span> <span class='ocrx_word' id='word_1_175' title='bbox 862 3703 949 3768; x_wconf 88' lang='lat' dir='ltr'><strong>sieut</strong></span> <span class='ocrx_word' id='word_1_176' title='bbox 964 3709 1116 3768; x_wconf 87' lang='lat' dir='ltr'><strong>tenemur</strong></span> <span class='ocrx_word' id='word_1_177' title='bbox 1133 3705 1187 3778; x_wconf 62' lang='lat' dir='ltr'><strong>‚ite</strong></span> <span class='ocrx_word' id='word_1_178' title='bbox 1202 3704 1433 3784; x_wconf 78' lang='lat' dir='ltr'><strong>desideremus,</strong></span> 
     </span>
     <span class='ocr_line' id='line_1_28' title="bbox 216 3801 1434 3916; baseline -0.004 -40"><span class='ocrx_word' id='word_1_179' title='bbox 216 3801 373 3916; x_wconf 54' lang='lat' dir='ltr'><strong>fflfflm</strong></span> <span class='ocrx_word' id='word_1_180' title='bbox 391 3809 576 3898; x_wconf 84' lang='lat' dir='ltr'><strong>pereoiores</strong></span> <span class='ocrx_word' id='word_1_181' title='bbox 608 3805 753 3871; x_wconf 87' lang='lat' dir='ltr'><strong>inveniri</strong></span> <span class='ocrx_word' id='word_1_182' title='bbox 787 3804 954 3869; x_wconf 87' lang='lat' dir='ltr'><strong>uberiores</strong></span> <span class='ocrx_word' id='word_1_183' title='bbox 988 3804 1126 3890; x_wconf 88' lang='lat' dir='ltr'><strong>proinde</strong></span> <span class='ocrx_word' id='word_1_184' title='bbox 1149 3804 1227 3900; x_wconf 32' lang='lat' dir='ltr'><strong>Deo·</strong></span> <span class='ocrx_word' id='word_1_185' title='bbox 1250 3806 1434 3889; x_wconf 77' lang='lat' dir='ltr'><strong>gratiarum</strong></span> 
     </span>
     <span class='ocr_line' id='line_1_29' title="bbox 213 3883 1434 3990; baseline -0.007 -8"><span class='ocrx_word' id='word_1_186' title='bbox 213 3883 362 3983; x_wconf 62' lang='lat' dir='ltr'><strong>iterent.gs</strong></span> <span class='ocrx_word' id='word_1_187' title='bbox 386 3913 531 3979; x_wconf 83' lang='lat' dir='ltr'><strong>notiones</strong></span> <span class='ocrx_word' id='word_1_188' title='bbox 553 3907 680 3972; x_wconf 80' lang='lat' dir='ltr'><strong>referre.</strong></span> <span class='ocrx_word' id='word_1_189' title='bbox 727 3905 819 3972; x_wconf 84' lang='lat' dir='ltr'><strong>Lioet</strong></span> <span class='ocrx_word' id='word_1_190' title='bbox 852 3913 966 3970; x_wconf 85' lang='lat' dir='ltr'><strong>eutem</strong></span> <span class='ocrx_word' id='word_1_191' title='bbox 992 3905 1095 3990; x_wconf 85' lang='lat' dir='ltr'><strong>juxte</strong></span> <span class='ocrx_word' id='word_1_192' title='bbox 1116 3907 1237 3970; x_wconf 82' lang='lat' dir='ltr'><strong>merita</strong></span> <span class='ocrx_word' id='word_1_193' title='bbox 1266 3905 1434 3972; x_wconf 85' lang='lat' dir='ltr'><strong>eelsitudi-</strong></span> 
     </span>
     <span class='ocr_line' id='line_1_30' title="bbox 388 4007 1432 4092; baseline -0.006 -13"><span class='ocrx_word' id='word_1_194' title='bbox 388 4015 440 4079; x_wconf 88' lang='lat' dir='ltr'><strong>nis</strong></span> <span class='ocrx_word' id='word_1_195' title='bbox 463 4015 591 4084; x_wconf 85' lang='lat' dir='ltr'><strong>vestrae,</strong></span> <span class='ocrx_word' id='word_1_196' title='bbox 615 4011 714 4092; x_wconf 91' lang='lat' dir='ltr'><strong>prout</strong></span> <span class='ocrx_word' id='word_1_197' title='bbox 736 4007 896 4092; x_wconf 85' lang='lat' dir='ltr'><strong>cupimus,</strong></span> <span class='ocrx_word' id='word_1_198' title='bbox 918 4026 986 4071; x_wconf 91' lang='lat' dir='ltr'><strong>non</strong></span> <span class='ocrx_word' id='word_1_199' title='bbox 1019 4027 1193 4091; x_wconf 90' lang='lat' dir='ltr'><strong>possumus</strong></span> <span class='ocrx_word' id='word_1_200' title='bbox 1227 4007 1432 4090; x_wconf 84' lang='lat' dir='ltr'><strong>respondere,</strong></span> 
     </span>
     <span class='ocr_line' id='line_1_31' title="bbox 384 4107 1434 4193; baseline -0.006 -13"><span class='ocrx_word' id='word_1_201' title='bbox 384 4115 417 4180; x_wconf 89' lang='lat' dir='ltr'><strong>id</strong></span> <span class='ocrx_word' id='word_1_202' title='bbox 443 4119 556 4177; x_wconf 82' lang='lat' dir='ltr'><strong>temen</strong></span> <span class='ocrx_word' id='word_1_203' title='bbox 579 4107 744 4174; x_wconf 81' lang='lat' dir='ltr'><strong>modicum</strong></span> <span class='ocrx_word' id='word_1_204' title='bbox 768 4107 856 4192; x_wconf 91' lang='lat' dir='ltr'><strong>quod</strong></span> <span class='ocrx_word' id='word_1_205' title='bbox 879 4108 1026 4172; x_wconf 79' lang='lat' dir='ltr'><strong>velemus</strong></span> <span class='ocrx_word' id='word_1_206' title='bbox 1048 4108 1202 4193; x_wconf 86' lang='lat' dir='ltr'><strong>prosequi</strong></span> <span class='ocrx_word' id='word_1_207' title='bbox 1227 4107 1434 4175; x_wconf 77' lang='lat' dir='ltr'><strong>decrevimus</strong></span> 
     </span>
     <span class='ocr_line' id='line_1_32' title="bbox 385 4206 1432 4298; baseline -0.001 -20"><span class='ocrx_word' id='word_1_208' title='bbox 385 4217 421 4278; x_wconf 90' lang='lat' dir='ltr'><strong>in</strong></span> <span class='ocrx_word' id='word_1_209' title='bbox 444 4209 609 4298; x_wconf 84' lang='lat' dir='ltr'><strong>praesenti.</strong></span> <span class='ocrx_word' id='word_1_210' title='bbox 658 4206 744 4272; x_wconf 82' lang='lat' dir='ltr'><strong>Sene</strong></span> <span class='ocrx_word' id='word_1_211' title='bbox 776 4209 817 4272; x_wconf 90' lang='lat' dir='ltr'><strong>de</strong></span> <span class='ocrx_word' id='word_1_212' title='bbox 841 4207 1008 4273; x_wconf 80' lang='lat' dir='ltr'><strong>communi</strong></span> <span class='ocrx_word' id='word_1_213' title='bbox 1036 4207 1208 4273; x_wconf 80' lang='lat' dir='ltr'><strong>voluntate</strong></span> <span class='ocrx_word' id='word_1_214' title='bbox 1231 4214 1267 4273; x_wconf 87' lang='lat' dir='ltr'><strong>et</strong></span> <span class='ocrx_word' id='word_1_215' title='bbox 1296 4229 1432 4278; x_wconf 76' lang='lat' dir='ltr'><strong>assensu</strong></span> 
     </span>
     <span class='ocr_line' id='line_1_33' title="bbox 382 4308 1432 4394; baseline -0.005 -13"><span class='ocrx_word' id='word_1_216' title='bbox 382 4315 529 4381; x_wconf 92' lang='lat' dir='ltr'><strong>omnium</strong></span> <span class='ocrx_word' id='word_1_217' title='bbox 564 4313 750 4374; x_wconf 86' lang='lat' dir='ltr'><strong>nostrorum</strong></span> <span class='ocrx_word' id='word_1_218' title='bbox 786 4308 1002 4387; x_wconf 87' lang='lat' dir='ltr'><strong>oonoedimus,</strong></span> <span class='ocrx_word' id='word_1_219' title='bbox 1026 4331 1086 4394; x_wconf 93' lang='lat' dir='ltr'><strong>pro</strong></span> <span class='ocrx_word' id='word_1_220' title='bbox 1117 4309 1213 4375; x_wconf 90' lang='lat' dir='ltr'><strong>nobis</strong></span> <span class='ocrx_word' id='word_1_221' title='bbox 1236 4314 1272 4374; x_wconf 86' lang='lat' dir='ltr'><strong>et</strong></span> <span class='ocrx_word' id='word_1_222' title='bbox 1304 4331 1432 4376; x_wconf 86' lang='lat' dir='ltr'><strong>suooes·</strong></span> 
     </span>
     <span class='ocr_line' id='line_1_34' title="bbox 384 4409 1430 4496; baseline -0.004 -16"><span class='ocrx_word' id='word_1_223' title='bbox 384 4414 512 4480; x_wconf 88' lang='lat' dir='ltr'><strong>soribue</strong></span> <span class='ocrx_word' id='word_1_224' title='bbox 552 4409 674 4475; x_wconf 88' lang='lat' dir='ltr'><strong>nostris</strong></span> <span class='ocrx_word' id='word_1_225' title='bbox 719 4410 806 4494; x_wconf 89' lang='lat' dir='ltr'><strong>quod</strong></span> <span class='ocrx_word' id='word_1_226' title='bbox 852 4409 994 4495; x_wconf 84' lang='lat' dir='ltr'><strong>singulis</strong></span> <span class='ocrx_word' id='word_1_227' title='bbox 1038 4411 1135 4475; x_wconf 77' lang='lat' dir='ltr'><strong>annis</strong></span> <span class='ocrx_word' id='word_1_228' title='bbox 1181 4412 1430 4496; x_wconf 86' lang='lat' dir='ltr'><strong>imperpetuum</strong></span> 
     </span>
     <span class='ocr_line' id='line_1_35' title="bbox 381 4509 1431 4597; baseline -0.003 -17"><span class='ocrx_word' id='word_1_229' title='bbox 381 4521 559 4596; x_wconf 88' lang='lat' dir='ltr'><strong>utrumque</strong></span> <span class='ocrx_word' id='word_1_230' title='bbox 591 4509 711 4574; x_wconf 84' lang='lat' dir='ltr'><strong>festum</strong></span> <span class='ocrx_word' id='word_1_231' title='bbox 744 4509 859 4576; x_wconf 86' lang='lat' dir='ltr'><strong>Sonoti</strong></span> <span class='ocrx_word' id='word_1_232' title='bbox 892 4510 1049 4576; x_wconf 85' lang='lat' dir='ltr'><strong>Edwardi</strong></span> <span class='ocrx_word' id='word_1_233' title='bbox 1072 4511 1172 4597; x_wconf 85' lang='lat' dir='ltr'><strong>Regis</strong></span> <span class='ocrx_word' id='word_1_234' title='bbox 1205 4517 1240 4576; x_wconf 91' lang='lat' dir='ltr'><strong>et</strong></span> <span class='ocrx_word' id='word_1_235' title='bbox 1273 4511 1431 4591; x_wconf 81' lang='lat' dir='ltr'><strong>Msrtiris,</strong></span> 
     </span>
     <span class='ocr_line' id='line_1_36' title="bbox 380 4610 1431 4694; baseline 0.002 -16"><span class='ocrx_word' id='word_1_236' title='bbox 380 4613 545 4687; x_wconf 86' lang='lat' dir='ltr'><strong>videlicet,</strong></span> <span class='ocrx_word' id='word_1_237' title='bbox 582 4610 724 4674; x_wconf 83' lang='lat' dir='ltr'><strong>martirii</strong></span> <span class='ocrx_word' id='word_1_238' title='bbox 759 4610 829 4694; x_wconf 90' lang='lat' dir='ltr'><strong>ojus</strong></span> <span class='ocrx_word' id='word_1_239' title='bbox 874 4616 910 4674; x_wconf 89' lang='lat' dir='ltr'><strong>et</strong></span> <span class='ocrx_word' id='word_1_240' title='bbox 942 4610 1180 4692; x_wconf 76' lang='lat' dir='ltr'><strong>translationis,</strong></span> <span class='ocrx_word' id='word_1_241' title='bbox 1212 4613 1250 4676; x_wconf 90' lang='lat' dir='ltr'><strong>in</strong></span> <span class='ocrx_word' id='word_1_242' title='bbox 1284 4613 1431 4680; x_wconf 75' lang='lat' dir='ltr'><strong>Ecclesia</strong></span> 
     </span>
    </p>
   </div>
   <div class='ocr_carea' id='block_1_7' title="bbox 380 4710 1429 4810">
    <p class='ocr_par' dir='ltr' id='par_1_7' title="bbox 380 4710 1429 4810">
     <span class='ocr_line' id='line_1_37' title="bbox 380 4710 1429 4810; baseline 0.007 -32"><span class='ocrx_word' id='word_1_243' title='bbox 380 4721 494 4784; x_wconf 70' lang='lat' dir='ltr'><strong>nostro,</strong></span> <span class='ocrx_word' id='word_1_244' title='bbox 529 4710 770 4787; x_wconf 76' lang='lat' dir='ltr'><strong>Centum-lensi,</strong></span> <span class='ocrx_word' id='word_1_245' title='bbox 808 4719 968 4809; x_wconf 78' lang='lat' dir='ltr'><strong>tunquam</strong></span> <span class='ocrx_word' id='word_1_246' title='bbox 1002 4712 1090 4779; x_wconf 82' lang='lat' dir='ltr'><strong>festu</strong></span> <span class='ocrx_word' id='word_1_247' title='bbox 1120 4713 1331 4810; x_wconf 73' lang='lat' dir='ltr'><strong>principalis,</strong></span> <span class='ocrx_word' id='word_1_248' title='bbox 1354 4738 1429 4785; x_wconf 86' lang='lat' dir='ltr'><strong>oum</strong></span> 
     </span>
    </p>
   </div>
   <div class='ocr_carea' id='block_1_8' title="bbox 0 0 1680 5800">
    <p class='ocr_par' dir='ltr' id='par_1_8' title="bbox 0 0 1680 5800">
     <span class='ocr_line' id='line_1_38' title="bbox 0 0 1680 5800; baseline 0 3"><span class='ocrx_word' id='word_1_249' title='bbox 0 0 1680 5800; x_wconf 95' lang='lat' dir='ltr'><strong> </strong></span> 
     </span>
    </p>
   </div>
  </div>
 </body>
</html>
