3350 5800
396 812 459 875 112
847 825 983 873 urruns

392 996 523 1081 gentiis,
548 1002 582 1062 el
614 998 737 1063 litteris
760 997 959 1085 apostolicis,
981 995 1192 1085 generalibus
1224 996 1278 1061 vel
1301 994 1452 1081 speciali·

394 1096 462 1175 bus
487 1120 768 1185 quorumcumque
804 1104 956 1164 tenorum
990 1099 1146 1175 existant,
1169 1120 1228 1183 per
1258 1118 1343 1181 quae,
1364 1116 1450 1183 proe·

394 1199 545 1264 sentibus
568 1222 635 1264 non
658 1222 812 1287 expressa
827 1201 882 1265 vel
905 1200 1056 1265 totaliter
1070 1221 1138 1265 non
1162 1200 1297 1274 inserts,
1313 1199 1449 1263 effectus

397 1321 509 1364 comm
532 1302 686 1387 impediri
709 1301 820 1368 valeat
855 1302 1101 1387 quomodolibet
1124 1302 1177 1367 vel
1200 1299 1330 1376 deferri,
1352 1304 1387 1364 el
1409 1299 1450 1363 de

398 1402 517 1485 quibus
540 1424 679 1489 quorum
703 1404 849 1489 totisque
873 1404 1042 1469 tenoribus
1065 1404 1106 1469 de
1122 1403 1222 1469 verbo
1244 1402 1288 1469 ad
1310 1401 1449 1467 verbum

397 1504 550 1571 habenda
572 1507 618 1572 sil
640 1506 675 1572 in
698 1507 818 1572 eisdem
844 1508 966 1572 nostris
995 1506 1120 1572 litteris
1142 1506 1268 1571 mentio
1290 1503 1448 1591 specialis.

397 1604 467 1671 Nos
490 1607 577 1671 enim
602 1629 733 1672 exnunc
757 1608 893 1672 irritum
908 1606 1115 1673 decrevimus
1130 1612 1166 1673 el
1188 1608 1298 1685 inane,
1313 1607 1341 1670 si
1356 1626 1448 1671 secus

394 1730 493 1794 super
515 1708 580 1773 hiis
603 1731 624 1773 a
646 1731 822 1795 quoquam,
853 1710 971 1795 quavis
994 1709 1202 1787 auctoritate,
1225 1708 1365 1773 scienter
1394 1705 1449 1772 vel

394 1811 594 1897 ignorant-er,
618 1812 797 1897 contigerit
818 1812 1023 1898 attemptari.
1077 1811 1173 1875 Nulli
1207 1833 1284 1897 ergo
1317 1810 1451 1874 omnino

394 1912 564 1978 hominum
587 1914 685 1980 licent
708 1914 794 1981 hanc
826 1915 985 2002 paginam
1007 1920 1131 1980 noslrae
1165 1913 1449 2000 incorporationis,

394 2016 598 2095 annexionis,
633 2016 774 2095 unionis,
808 2022 844 2082 el
874 2016 1060 2082 voluntalis
1096 2016 1290 2103 infringere,
1316 2015 1369 2081 vel
1408 2016 1448 2093 ei,

394 2138 477 2182 ausu
501 2118 684 2197 demereno,
701 2119 886 2196 eonlrsire;
921 2119 949 2182 si
982 2119 1057 2203 quis
1088 2123 1201 2183 autem
1226 2118 1285 2183 hoc
1307 2123 1450 2203 altemp-

394 2224 464 2283 lsre
488 2222 743 2306 praesumpserit,
767 2220 1030 2306 indignationem
1050 2219 1297 2305 Omnipotentis
1319 2218 1391 2296 Dei,
1415 2225 1450 2283 et

395 2324 571 2391 Bestornm
596 2325 686 2391 Petri
710 2332 745 2391 el
768 2326 864 2391 Pauli
895 2326 1125 2411 Aposlolorum
1149 2326 1227 2412 ejus,
1252 2348 1286 2391 se
1317 2325 1448 2391 noverit

357 2468 361 2475 -
396 2429 609 2495 incursurum.
667 2430 756 2496 Dela
791 2430 899 2505 Luce,
922 2429 1075 2495 kalendis
1110 2430 1206 2496 Junii
1237 2430 1449 2517 pontificatus

397 2532 502 2595 nostri
525 2553 612 2597 anno
636 2532 789 2597 secundo.

257 2828 359 2889 (1⁴¹1·)
400 2818 948 2885 992.-0nnansnranonns1n
983 2820 1129 2887 Onnisn
1165 2820 1449 2888 Oasrusmmrsm
1508 2901 1512 2908 ⁵

228 2949 297 3001 cm,
310 2953 373 3002 Ant,
554 2939 595 2986 nr
616 2939 770 3000 iocans,
786 2939 944 3000 ounnsn
966 2940 1062 2988 nova
1085 2939 1282 3005 snomsns,
1299 2941 1339 2989 ur
1354 2941 1448 3001 oos-

227 3017 257 3068 0·
271 3020 326 3068 ¹⁶⁶·
554 3041 629 3088 nan
667 3041 823 3100 anricus
872 3040 1064 3103 annanias,
1102 3041 1262 3090 sunnone
1311 3025 1448 3091 Tsons

555 3125 799 3190 Curnnrrrnnn
824 3127 977 3192 Pn1on1s.

227 3309 331 3360 ceuton
444 3290 798 3358 carissima-Una
821 3313 904 3379 capa
933 3293 1082 3379 preciosa
1104 3293 1145 3357 de
1169 3293 1304 3359 velveto
1327 3295 1450 3370 blodio‚

227 3382 376 3506 ffiffi}
397 3413 472 3458 cum
496 3415 563 3458 uno
586 3415 694 3459 morso
718 3393 759 3460 de
782 3415 884 3480 perte,
908 3399 942 3459 et
965 3395 1105 3460 brodata
1136 3416 1212 3460 cum
1247 3395 1451 3482 archangelis

227 3507 356 3574 baldinge
396 3495 511 3560 cureio.
560 3495 666 3560 Item:
693 3499 759 3559 tres
783 3517 873 3581 cspae
896 3495 990 3560 bonae
1014 3497 1450 3582 deauro,etpulve1izalae

227 3575 470 3704 ssgssffindcunr
507 3597 638 3662 velveio
671 3597 780 3662 rubro.
827 3598 934 3662 Ibem:
958 3620 1064 3663 unum
1097 3599 1331 3664 vestimentum
1366 3600 1451 3664 inie-

225 3708 276 3756 sud
287 3708 368 3758 books
397 3721 490 3784 grum
517 3701 556 3764 do
581 3700 713 3765 velvelo
736 3701 841 3786 nigro,
865 3699 1109 3786 pulverizatum
1143 3723 1217 3765 oum
1250 3701 1387 3766 floribus
1410 3701 1451 3766 de

226 3771 328 3888 :Simu
397 3801 477 3886 lyce,
511 3823 586 3866 cum
626 3807 696 3866 tolo
735 3808 897 3888 appamlu
933 3803 975 3866 ad
1008 3803 1075 3866 tria
1108 3803 1229 3868 altaria
1263 3803 1304 3868 de
1338 3804 1450 3869 rodem

225 3905 331 3968 1101111111,
396 3909 492 3967 sect-a
541 3904 647 3968 item:
673 3905 814 3989 triginta
852 3926 972 3970 novem
1012 3927 1102 3990 cnpae
1140 3905 1227 3970 albae
1261 3907 1303 3970 de
1341 3928 1450 3992 panno

226 3972 371 4104 ffiffiefy
396 4025 506 4081 auree,
529 4025 602 4069 cum
627 4027 693 4072 uno
719 4007 918 4071 vestimento
951 4005 1103 4092 simplici,
1126 4012 1161 4071 et
1184 4007 1332 4092 quinque
1367 4007 1451 4071 albis

226 4104 436 4220 igtlnstimede
476 4105 590 4170 eadem
629 4114 726 4173 secta.
780 4107 990 4176 Ilrmtuns
1022 4108 1134 4173 casula
1170 4131 1244 4173 cnm
1279 4107 1381 4194 pallio
1419 4117 1453 4172 ol

225 4187 383 4299 ἓὴῃῖζζξεῃ,
395 4208 550 4273 frontello
574 4209 614 4274 de
639 4231 750 4294 panno
765 4232 866 4276 aureo
888 4211 972 4286 albo,
989 4216 1023 4275 el
1046 4211 1178 4274 redenis
1194 4210 1235 4274 de
1250 4212 1354 4275 serico
1368 4211 1453 4288 albo,

225 4305 370 4421 {i'i'iiiffl'
394 4311 437 4375 sd
453 4311 556 4376 altore
572 4310 679 4376 bcalae
705 4311 818 4376 Mariae
836 4313 984 4398 Virginis
999 4313 1033 4375 in
1051 4313 1129 4375 navi
1146 4313 1298 4377 ecclesian.
1344 4311 1453 4378 Item:

333 4408 339 4420 '
401 4436 505 4478 unum
543 4415 781 4479 vestimentum
824 4416 962 4479 rubeum
1002 4415 1042 4479 de
1081 4436 1193 4500 panno
1231 4436 1340 4491 auree,
1378 4438 1452 4480 cum

393 4517 522 4581 duabus
546 4517 644 4602 capis,
669 4523 703 4581 el
726 4517 850 4602 viginti
883 4517 1015 4581 duabus
1046 4517 1132 4580 albis
1154 4517 1196 4580 de
1219 4517 1333 4580 eadem
1357 4524 1454 4583 secta.

393 4619 498 4684 Ilern:
522 4641 609 4683 unns
644 4639 783 4703 magnus
814 4639 954 4703 ponnus,
988 4639 1061 4682 cum
1097 4623 1168 4681 tolo
1203 4623 1369 4703 apparatu
1408 4620 1451 4683 ad

393 4721 643 4806 cooperiendum
668 4742 833 4784 summum
851 4720 954 4784 altare
971 4726 1005 4783 el
1027 4719 1145 4783 altaria
1170 4719 1285 4784 Sancti
1310 4719 1451 4807 Elphegi
