3350 5800
418 864 460 933 76
879 884 1013 933 urruns

246 1058 401 1177 mmm
414 1086 525 1131 serum
564 1068 668 1153 ipsius
706 1068 833 1133 Domus
871 1069 1033 1155 deputatu
1067 1068 1201 1135 fuerunt
1235 1070 1278 1133 ab
1309 1070 1467 1155 antiquo;

245 1189 349 1243 σηοω,
414 1175 527 1235 tamen
548 1171 715 1256 contingit
746 1171 913 1236 interdum
944 1172 1033 1257 quod
1057 1192 1125 1248 vos,
1149 1176 1285 1257 propter
1307 1171 1466 1257 improbi-

245 1258 374 1373 gffiff’
415 1275 518 1335 tatem
556 1276 591 1336 et
628 1271 916 1357 importunitatem
954 1273 1150 1358 petenoiurn,
1189 1272 1271 1337 alias
1310 1271 1464 1337 mulieres

242 1390 511 1441 tartesson-senas
533 1373 569 1436 in
593 1372 707 1437 eadem
745 1372 861 1450 Domo,
884 1378 983 1459 prout
1014 1374 1058 1438 ad
1092 1394 1151 1439 vos
1184 1374 1339 1458 pertinet,
1362 1374 1466 1460 recipi

244 1455 393 1572 pppippesny
414 1475 542 1541 faciatis
565 1475 601 1538 in
625 1474 729 1540 socias
751 1480 786 1539 et
808 1496 951 1554 sorores3
974 1476 1086 1562 sieque
1102 1497 1144 1541 ex
1159 1476 1255 1541 bonis
1270 1475 1464 1561 hujusmodi

243 1587 344 1651 leprose
412 1598 479 1642 non
516 1582 656 1661 possunt
700 1576 823 1641 eisdem
862 1577 1055 1642 mulieribus
1092 1576 1228 1663 leprosis
1277 1578 1464 1643 necessaria

242 1670 349 1770 {ffl'
360 1654 401 1705 ‘⁰¹
413 1678 603 1754 ministrari,
619 1698 693 1741 oum
716 1677 760 1742 ad
782 1678 926 1763 ipsarum
943 1684 978 1743 et
993 1678 1133 1743 aliarum
1156 1700 1231 1763 quse
1254 1679 1463 1763 recipiuntur

241 1784 367 1837 tenentis
412 1782 534 1847 ibidem
572 1780 849 1846 sustentaoionem
887 1779 1033 1847 suffioere
1067 1781 1204 1845 minime
1235 1780 1462 1847 dinoscuntur.

239 1867 359 1969 &M
411 1882 519 1967 Super
541 1901 607 1969 quo
629 1880 775 1965 petiistis
796 1880 928 1945 salubre
961 1881 1143 1945 remedium
1166 1881 1325 1946 adhiberi.
1388 1882 1461 1946 Nos

410 1986 532 2069 itaque,
555 2002 653 2067 super
675 1982 745 2048 haee
767 1982 942 2067 providere
974 1983 1132 2061 volentes,
1156 1982 1336 2068 praemissis
1372 1984 1461 2047 veris

409 2083 637 2158 existentibus,
659 2104 701 2147 ne
723 2083 844 2170 aliquae
882 2084 1035 2148 mulieres
1067 2104 1156 2149 sanae
1190 2083 1393 2168 recipiuntur
1417 2084 1458 2147 de

407 2190 516 2251 eetero
538 2185 575 2248 in
597 2184 711 2248 eodem
734 2184 851 2261 Domo,
874 2205 916 2249 ex
940 2184 1061 2272 quibus
1101 2184 1228 2249 Domus
1263 2184 1377 2249 eedem
1400 2206 1458 2270 ag-

406 2291 573 2373 gravetur,
594 2283 792 2349 auctoritate
813 2285 1032 2370 praeseneium
1056 2285 1241 2351 districtius
1256 2284 1456 2351 inhibemus.

407 2388 599 2454 Statuentes
622 2393 662 2451 ut
683 2386 772 2451 bona
801 2388 968 2473 praedietae
1003 2388 1131 2453 Domus
1164 2388 1294 2473 integra
1328 2408 1457 2452 conser-

405 2494 528 2554 ventur
551 2488 606 2565 eis,
630 2509 691 2573 pro
714 2509 854 2572 quarum
888 2488 1130 2574 gubernacione
1153 2494 1187 2553 et
1210 2488 1457 2555 sustentauione

405 2592 567 2677 deputata
588 2589 733 2665 nerunt,
756 2590 871 2654 usibus
904 2590 1057 2655 omnibus
1090 2589 1288 2675 profuturs;
1310 2590 1456 2656 auetori-

405 2698 474 2759 tste
520 2690 615 2757 Sedis
660 2690 860 2777 Apostolioae
906 2711 1033 2777 semper
1071 2692 1173 2757 selva.
1235 2691 1331 2755 Nulli
1377 2714 1455 2779 ergo

404 2795 539 2862 omnino
560 2793 689 2859 homini
710 2792 809 2859 lieeat
823 2792 909 2859 hane
923 2794 1079 2879 paginam
1094 2798 1218 2858 nostres
1242 2793 1455 2858 inhibioionis

403 2904 438 2964 et
467 2896 715 2962 constitucionis
750 2892 938 2981 infringere,
971 2916 1033 2961 neo
1071 2895 1109 2972 ei,
1148 2916 1232 2959 ausu
1270 2895 1453 2973 temerario,

403 2999 576 3065 contraire.
623 2996 660 3062 Si
683 2997 758 3082 quis
781 3002 895 3061 autem
918 3003 1034 3061 eontra
1056 2996 1119 3062 hoe
1141 3001 1342 3082 attemptare
1371 3018 1455 3082 prae-

401 3101 586 3186 snmpserit,
598 3099 863 3184 indignueionem
880 3097 1127 3183 Omnipotentis
1144 3098 1207 3163 Dei
1224 3103 1258 3164 et
1273 3098 1453 3164 Beeturnm

403 3203 494 3269 Petri
509 3207 543 3268 et
559 3201 655 3266 Pauli
669 3202 905 3287 Apostolorum
927 3200 999 3286 ejus
1022 3223 1057 3266 se
1079 3201 1211 3266 noverit
1234 3201 1451 3267 incursurum.

403 3307 492 3372 Data
514 3305 685 3390 Anagniae,
709 3312 771 3368 x³⁰
794 3304 955 3370 kalendas
988 3305 1008 3369 J
1013 3303 1082 3380 ulii,
1105 3303 1316 3388 pontificatus
1348 3306 1454 3370 nostri

403 3409 518 3495 [anno]
543 3406 669 3492 quinto.

241 3719 278 3777 (ο,
292 3718 378 3778 11⁸⁵.)
580 3688 755 3758 ern-De
778 3689 969 3754 Hosrrrnnr
993 3691 1122 3757 Surum
1146 3689 1282 3756 Jsoonr.

229 3811 260 3860 13.
272 3811 321 3857 ⁴2⁰
332 3807 355 3857 ἃ
449 3857 614 3923 Henrious
647 3854 712 3919 Dei
736 3853 855 3919 Gratia
885 3853 960 3919 Rex
994 3855 1134 3941 Angliae,
1167 3862 1227 3922 eto.
1261 3855 1449 3944 Arehiepis·

230 4057 355 4174 ((1ξὲζῇ
401 4063 529 4132 dedisse
551 4061 589 4125 in
611 4059 747 4123 libera-m
779 4064 815 4122 et
836 4063 1031 4145 perpetuam
1065 4059 1284 4138 elemosinam,
1306 4067 1340 4125 et
1363 4083 1447 4148 pres„

229 4189 331 4265 many
399 4163 486 4230 senti
508 4165 602 4226 carte
624 4181 697 4224 meu
731 4157 938 4223 confirmasse
962 4157 1099 4243 leprosis
1133 4158 1329 4224 mulieribus
1361 4161 1449 4227 Hos·

399 4264 514 4354 pitulis
545 4260 661 4327 Sancti
692 4258 809 4325 Jaoobi
844 4259 932 4344 apud
966 4257 1181 4325 Cantueriem
1215 4261 1381 4326 eeclesiam
1406 4263 1447 4330 de

228 4390 266 4439 ss
279 4387 362 4437 Jsoob
398 4368 574 4455 Bradgute,
597 4384 672 4429 eum
707 4362 861 4427 omnibus
893 4367 1105 4446 pertinenons
1140 4384 1216 4428 surs.
1264 4363 1319 4427 lta
1357 4364 1447 4449 quod

227 4452 369 4570 wlf
398 4470 558 4558 Magister
590 4465 758 4529 Firminus
780 4462 883 4526 libere
907 4461 1021 4526 omnia
1053 4467 1166 4528 teneat
1187 4468 1222 4528 et
1255 4463 1447 4548 possideant

227 4535 363 4651 mauge.
397 4579 471 4640 tota
493 4571 566 4636 vitu
588 4587 657 4644 sua,
681 4571 716 4631 et
738 4569 813 4650 post
835 4564 1003 4629 decessum
1026 4565 1097 4650 ejus
1118 4565 1222 4630 libers
1253 4572 1446 4632 remaneant

396 4673 564 4764 prsedietis
597 4669 791 4735 mulieribus
824 4666 970 4753 leprosis.
1018 4666 1129 4747 Quare
1152 4667 1228 4733 volo
1251 4671 1285 4732 et
1307 4667 1447 4734 firmiter

395 4778 552 4865 praeoipio
567 4771 655 4860 quod
672 4771 795 4837 eaedem
811 4770 947 4854 leprosae
963 4769 1115 4835 mulieres
1130 4769 1268 4835 eandem
1280 4769 1447 4838 eeclesiam
