3350 5800
541 873 832 923 cameracenses.
1147 859 1208 922 241

131 1057 282 1122 ther-for
296 1079 384 1143 your
399 1065 502 1124 moste
517 1061 670 1147 gracious
686 1061 850 1145 Lordship
876 1065 910 1124 to
925 1058 1076 1145 provyde
1092 1057 1209 1122 forme

127 1156 168 1222 oi
194 1157 374 1224 sufficient
400 1160 530 1247 lyvpmg
544 1168 580 1224 to
607 1163 665 1226 the
680 1161 792 1226 chirch
809 1161 845 1224 ol
873 1161 1018 1234 Bersted,
1034 1181 1069 1223 so
1094 1159 1209 1243 thaty

132 1280 222 1343 may
253 1260 352 1324 leave
376 1262 434 1325 the
465 1262 600 1326 laboure
625 1269 661 1328 to
690 1264 849 1350 Bognore,
876 1261 941 1326 and
973 1261 1069 1324 abida
1097 1281 1209 1345 uppon

134 1359 293 1425 Bersted
318 1383 413 1426 nowe
428 1364 463 1426 in
490 1387 549 1449 my
563 1369 639 1452 gret
663 1387 723 1449 age
739 1365 805 1428 and
832 1363 977 1440 debilia,
993 1363 1047 1428 for
1062 1364 1119 1427 the
1136 1363 1210 1425 love

134 1459 178 1523 of
194 1462 279 1526 God
296 1463 361 1527 and
376 1485 424 1548 yn
439 1465 497 1529 the
516 1487 591 1551 way
607 1466 644 1530 of
655 1466 791 1531 charite.

140 1741 453 1806 lma—Limam
496 1757 643 1806 umoris
691 1757 771 1804 smr
803 1756 1022 1805 anrnxioms
1057 1757 1209 1805 recurso
1248 1754 1358 1805 aaron

359 1861 459 1908 auru
482 1859 747 1908 rnnocnmmun
770 1860 817 1906 or
834 1843 1017 1906 Buusraor
1041 1860 1083 1908 m·
1100 1845 1211 1907 Boco—
1269 1827 1339 1872 ¹⁴⁰⁵·

359 1963 453 2010 socr
477 1945 722 2012 Crcusrnrrsis
747 1961 920 2009 oimonms.
1225 1937 1346 1987 &2¹⁹⁶-

196 2111 326 2176 l’ateat
360 2114 531 2190 universis,
555 2119 617 2177 etc.
651 2113 739 2197 quod
773 2134 833 2176 nos
857 2112 1000 2176 Thomas
1034 2112 1128 2175 Prior
1153 2112 1213 2176 Ec-
1226 2114 1374 2179 'rhochnp-

145 2213 262 2278 clesiae
280 2213 408 2279 Christi
425 2213 674 2278 Cantuariensis
698 2220 732 2278 et
755 2214 901 2298 ejusdem
926 2212 989 2278 loci
1009 2212 1212 2302 Capitulum,
1225 2182 1311 2298 tceffi

146 2317 367 2400 proprietarii
403 2316 611 2380 ecclesiarum
647 2315 883 2401 parochialium
917 2316 957 2379 de
990 2316 1146 2381 Beistede
1179 2327 1213 2379 ct
1227 2314 1339 2370 chnreh,

149 2419 338 2501 Bogonore,
362 2417 577 2484 cicestrensis
601 2418 760 2495 dioeeesis,
784 2419 882 2482 diotre
909 2418 1062 2484 Ecclesiae
1087 2417 1213 2483 Cantu·
1226 2383 1339 2510 ῗέἔέῑὲἔ

149 2522 297 2585 ariensis
316 2522 557 2605 jurisdictionis
574 2521 774 2585 immediatae
788 2545 795 2599 ;
820 2543 894 2584 cum
912 2514 1335 2598 fruetus,deei1nae,ssrtt¹r
1375 2580 1384 2627 f

151 2627 187 2685 et
220 2630 406 2708 proventus
439 2623 537 2688 dictor
564 2623 707 2687 ecclesiae
740 2623 936 2708 parochialis
970 2624 1010 2686 de
1035 2624 1214 2711 Bogonore²
1228 2596 1371 2711 33:2ng

153 2745 302 2789 unacum
336 2726 492 2810 pensione
531 2747 643 2788 annua
675 2732 818 2809 quatuor
856 2747 1039 2790 marcarum
1075 2731 1214 2790 monetae
1228 2713 1384 2827 fficffss‘ffls

153 2826 291 2912 Angtiae
328 2828 454 2891 vicario
489 2827 611 2891 ibidem
651 2848 710 2913 per
748 2849 808 2890 nos
843 2826 926 2890 solvi
959 2832 1125 2903 consueta,
1155 2849 1215 2913 per
1227 2845 1301 2894 valna
1313 2844 1379 2893 fron

154 2934 384 3014 tempestates
408 2930 537 3006 fluctus
571 2936 605 2993 et
640 2929 873 2993 inundationes
910 2930 1010 2993 maris
1043 2936 1078 2994 et
1112 2951 1212 3015 alua-
1228 2915 1352 3028 {wgo

154 3051 243 3104 rum,
274 3031 504 3105 mortalitates
527 3030 801 3116 parochianorum
833 3032 1044 3115 paucitatem,
1068 3038 1102 3096 et
1132 3033 1214 3095 alios
1228 3014 1386 3121 consinsit

154 3153 255 3196 casus
285 3132 433 3196 diversos
464 3133 499 3195 in
530 3139 663 3197 tantum
701 3133 927 3207 decreverunt,
962 3140 996 3199 et
1031 3134 1215 3199 decrescere
1228 3112 1361 3227 :ffl'ffl'

156 3235 281 3300 debere
312 3235 538 3299 verisimiliter
568 3235 771 3299 formidatur
801 3236 836 3298 in
868 3235 1029 3311 futurum,
1052 3237 1141 3321 quod
1172 3236 1216 3300 ad
1228 3244 1314 3307 parish

158 3337 439 3401 sustentationem
473 3336 586 3401 vicarii
622 3336 773 3423 perpetui
812 3336 960 3421 ejusdem
1000 3337 1142 3403 ecclesiae
1181 3340 1215 3401 in
1230 3310 1360 3425 {mm

158 3442 276 3503 eadem
308 3440 465 3514 instituti,
497 3443 531 3504 ct
561 3439 628 3503 alia
658 3462 759 3504 onera
789 3439 884 3503 nobis
916 3440 1143 3524 proprietariis
1183 3447 1217 3505 et
1230 3444 1374 3507 ofssognor

159 3550 276 3607 nostro
300 3541 334 3604 in
357 3542 472 3605 eadem
496 3542 620 3606 vicario
643 3549 677 3607 et
701 3543 799 3607 dictae
823 3542 966 3607 ecclesiae
991 3543 1218 3608 incumbentia
1231 3508 1364 3631 ffliffl„

160 3664 229 3705 non
260 3643 437 3717 sufficiunt,
468 3665 528 3706 nec
559 3643 785 3707 verisimiliter
815 3642 961 3707 sufficere
1001 3644 1143 3709 debeant
1183 3646 1216 3708 in
1230 3629 1362 3691 bosen-ni

162 3743 327 3819 futurum,
359 3745 495 3829 ipsaque
526 3745 662 3809 ecclesia
700 3744 898 3830 parochialis
937 3766 1058 3829 paucos
1096 3743 1218 3810 habeat
1231 3710 1327 3839 ilidii

163 3847 400 3930 parochianam
431 3848 625 3911 affectantes
656 3870 697 3910 ex
730 3848 837 3911 causis
869 3846 1047 3932 premissis
1079 3852 1113 3911 ct
1144 3848 1217 3911 aliis

164 3952 323 4037 legitimis
345 3953 452 4016 causis
475 3953 580 4037 ipsam
612 3954 780 4018 ecclesiam
805 3952 1025 4037 parochialem
1050 3953 1090 4015 de
1114 3954 1220 4039 Bogo·

165 4082 246 4123 nore
269 4065 303 4124 et
333 4059 436 4144 ipsius
461 4059 617 4123 vicariam
650 4060 797 4144 prresatae
829 4059 973 4123 ecclcsiae
998 4060 1038 4123 de
1065 4060 1220 4124 Berstcdc

166 4163 256 4225 uniri
279 4168 314 4226 et
336 4162 476 4235 annecti,
500 4161 690 4245 hujusmodi
723 4162 836 4225 unioni
862 4166 896 4224 et
920 4161 1107 4225 annectioni
1140 4162 1220 4226 foci-

167 4266 261 4328 cndae
298 4269 448 4328 nostium
479 4264 663 4348 praebentes
701 4284 905 4337 consensum,
937 4263 1093 4327 dilectum
1125 4265 1220 4327 nobis

168 4368 202 4429 in
226 4364 361 4431 Christo
386 4366 564 4428 Dominum
589 4366 750 4429 Thomam
780 4365 923 4441 waltun,
955 4366 1115 4429 vicarium
1148 4388 1221 4451 per-

167 4475 305 4553 petuum
336 4467 434 4531 diotre
463 4468 614 4531 Ecclesiae
646 4468 843 4552 parochialis
875 4467 915 4530 de
949 4468 1115 4541 Berstede,
1146 4490 1221 4531 nos-

167 4578 258 4634 trum
307 4591 420 4633 rerum
468 4576 502 4634 et
548 4570 731 4655 legitimum
778 4576 1031 4653 procuratorem,
1069 4576 1222 4642 actorem,

168 4673 337 4746 factorem,
361 4677 395 4735 et
417 4672 624 4759 negotiorum
655 4678 819 4757 gestorem
851 4674 1050 4744 ordinamus,
1073 4673 1222 4734 facimus.

170 4782 204 4838 et
226 4775 478 4853 constituimus;
509 4775 691 4860 damusque
724 4781 757 4836 ct
781 4773 988 4837 concedimus
1021 4774 1126 4838 cidem
1151 4794 1210 4858 pro

272 4906 296 4953 υ
332 4908 425 4954 asoti.
1067 4922 1088 4978 q
