3350 5800
377 784 442 847 110
823 795 957 843 annun

375 1001 469 1044 suam
493 979 593 1067 elegit
625 979 841 1066 sepulturam,
862 986 898 1045 et
929 980 1095 1066 quoddam
1128 977 1309 1044 oratorium
1331 976 1430 1040 devo-

336 1132 342 1141 ,
376 1088 449 1147 tum
473 1087 507 1147 et
540 1082 717 1147 honestum
750 1082 946 1161 construxit,
971 1081 1029 1146 ubi
1061 1080 1211 1167 populus,
1235 1080 1313 1143 dum
1344 1078 1431 1141 inte·

376 1185 472 1249 rioris
495 1184 581 1271 septi
616 1184 810 1249 dilectorum
846 1182 989 1249 filiorum
1021 1182 1257 1249 monachorum
1283 1178 1428 1266 ejusdem

376 1285 511 1371 majoris
533 1285 676 1351 ecclesiae
708 1286 910 1351 obturantur
932 1286 1102 1363 clausuras,
1124 1284 1308 1361 confluunt,
1331 1299 1431 1347 causa

376 1387 564 1452 devotionis
594 1392 628 1451 et
666 1408 726 1472 pro
757 1388 866 1451 missis
896 1387 1003 1452 inibi
1033 1387 1218 1464 audiendis,
1244 1390 1279 1449 et
1309 1383 1431 1448 tertius

377 1490 526 1555 sacerdos
549 1490 586 1553 in
609 1489 700 1555 dicta
723 1490 860 1555 ecclesia
882 1490 923 1555 de
947 1489 1153 1576 Maydyston
1175 1489 1292 1553 missas
1314 1485 1432 1570 hujus-

376 1591 467 1655 modi
505 1597 540 1656 et
577 1591 641 1656 alia
681 1590 798 1655 divina
836 1590 951 1668 officia,
976 1612 1037 1675 pro
1075 1590 1164 1655 felici
1202 1594 1294 1655 statu
1326 1586 1431 1673 ipsius

377 1692 511 1758 Thomae
546 1692 800 1779 Archiepiscopi,
832 1714 958 1758 necnon
992 1715 1053 1780 pro
1076 1693 1147 1778 ejus
1179 1698 1214 1757 et
1245 1692 1341 1755 bonae
1363 1708 1430 1751 me-

377 1795 489 1860 moriae
513 1794 671 1860 Willelmi
694 1794 943 1882 Archiepiscopi
974 1793 1223 1860 cantuariensis
1254 1793 1432 1879 praedcccs-

377 1897 459 1961 soris
491 1898 543 1961 sui
575 1896 771 1974 immediati,
805 1902 840 1961 et·
873 1896 979 1982 ipsius
1011 1896 1147 1962 Thomae
1184 1893 1432 1981 Arnhiepiscopi

377 1999 625 2086 progenitorum
663 1999 851 2063 animarum
896 1997 1012 2076 salute,
1050 1998 1224 2077 celebrare,
1261 1998 1432 2083 perpetuis

377 2101 500 2166 futuris
517 2098 721 2185 temporibus
736 2105 924 2165 teneantur.
970 2098 1056 2166 Cum
1078 2105 1200 2177 autem,
1216 2099 1303 2165 sicut
1315 2098 1432 2163 eadem

377 2203 496 2290 petitio
526 2201 757 2289 subjungebat,
781 2202 962 2288 praedictus
994 2201 1136 2268 Thomas
1159 2201 1433 2287 Archiepiscopns

378 2305 514 2379 adhoc,
549 2304 638 2389 quod
671 2304 735 2389 ipsi
768 2309 835 2369 tres
868 2304 1055 2391 presbyteri
1087 2304 1129 2368 de
1162 2304 1254 2370 dicta
1275 2302 1430 2378 cantaria,

379 2429 453 2493 quae
476 2407 586 2472 adhuc
608 2411 713 2473 certos
736 2406 888 2471 redditus
910 2427 979 2471 non
1001 2406 1111 2483 habet,
1127 2407 1281 2472 decenter
1303 2409 1432 2469 susten·

378 2510 444 2574 tari
483 2509 625 2586 valeant,
664 2508 829 2573 desideret
867 2508 956 2592 quod
990 2508 1189 2595 parochialis
1223 2508 1358 2573 ecclesia
1388 2506 1431 2571 de

379 2610 577 2688 Northllcte,
600 2608 755 2674 Rofensis
789 2609 949 2688 dioeccsis,
972 2631 1047 2695 quae
1081 2617 1132 2675 est
1164 2610 1299 2695 dejure
1321 2614 1432 2696 patro-

378 2719 479 2778 natus
514 2717 548 2777 et
575 2711 810 2797 jurisdictione
841 2710 1036 2776 immediata
1066 2711 1314 2798 Archiepiscopi
1346 2709 1433 2775 Gan·

380 2814 555 2881 tuamensis
579 2813 754 2878 existentis
788 2834 848 2900 pro
871 2817 1027 2899 tempore,
1051 2818 1086 2878 et
1119 2813 1213 2899 cujus
1243 2818 1375 2879 centum
1398 2816 1434 2876 et

379 2919 548 3005 octaginta
581 2918 727 3002 [marcae]
761 2917 1032 3003 archiepiscopali
1054 2938 1176 2982 mensae
1200 2915 1434 2982 cantuariensi

380 3017 688 3106 [appropriantur],1
711 3017 805 3103 cujus
840 3040 898 3082 sex
921 3017 1062 3082 millium
1094 3040 1279 3084 marcarum
1302 3017 1433 3082 sterlin-

378 3144 496 3210 gorum
519 3122 654 3198 fructus,
678 3120 838 3198 redditus,
862 3126 897 3186 et
928 3126 1119 3207 proventus,
1142 3121 1323 3188 secundnm
1346 3142 1433 3186 corn-

380 3244 513 3287 munem
529 3222 792 3298 aestimationem,
809 3220 955 3287 valorem
970 3244 1128 3300 annuum,
1144 3228 1184 3287 nt
1205 3223 1275 3308 ipse
1290 3221 1433 3286 Thomas

379 3325 654 3411 Archiepiscopus
693 3323 820 3400 asserit,
859 3345 927 3390 non
973 3325 1149 3402 excedunt,
1187 3325 1433 3412 imperpetuum

380 3428 536 3508 uniatnr;
566 3447 667 3511 quare
701 3447 761 3510 pro
784 3427 879 3511 parte
900 3426 1005 3511 ipsius
1029 3426 1163 3492 Thcmae
1187 3427 1435 3514 Archiepiscopi

379 3530 473 3595 nobis
497 3529 566 3593 fuit
589 3526 761 3592 humiliter
784 3527 1016 3613 supplicatum,
1039 3533 1078 3591 ut
1100 3528 1137 3591 in
1159 3529 1336 3614 praemissis
1358 3529 1434 3606 sibi,

380 3641 414 3695 et
437 3629 586 3715 ejusdem
609 3649 741 3704 mensae,
764 3649 803 3692 ac
832 3627 1044 3713 presbyteris,
1067 3634 1229 3714 oportune
1252 3629 1433 3714 providere,

380 3731 420 3795 dc
444 3730 652 3816 benignitate
675 3729 861 3814 apostolica,
885 3729 1106 3815 dignaremur.
1153 3731 1224 3796 Nos
1247 3731 1361 3819 igitur,
1375 3731 1433 3815 qui

380 3831 532 3895 divinum
565 3830 692 3896 cultum
723 3830 846 3895 nostris
880 3830 1083 3916 temporibus
1114 3832 1272 3917 adaugeri
1294 3831 1434 3896 intensis

381 3931 550 3996 desideriis
583 3931 783 4006 affectamus,
819 3930 1010 4015 hujusmodi
1045 3932 1344 4019 supplicationibus
1382 3935 1432 3996 in-

380 4034 504 4109 clinati,
528 4032 747 4119 parochialem
771 4031 941 4097 ecclesiam
964 4034 1166 4119 praedictam,
1183 4057 1258 4100 cum
1281 4035 1434 4099 omnibus

376 4136 510 4222 juribus
533 4140 568 4200 et
591 4132 799 4220 pertinentiis
823 4134 901 4210 suis,
917 4156 1040 4201 mensae
1063 4137 1220 4222 praefatae‚
1237 4138 1434 4203 auctoritate

380 4237 568 4323 apostolica,
591 4236 833 4321 imperpetuum
866 4235 1123 4322 incorporamus,
1154 4239 1369 4314 annectimus,
1399 4245 1435 4303 et

383 4341 523 4403 unimus.
570 4337 624 4401 Ita
649 4336 746 4421 quod,
763 4337 790 4400 si
814 4344 894 4402 actu
916 4344 1013 4404 vacet
1036 4361 1176 4418 exnunc,
1192 4341 1275 4406 alias
1297 4341 1434 4406 cedente

382 4442 437 4505 vel
475 4440 652 4504 decedente
687 4439 807 4503 dilecto
842 4439 910 4502 filio
945 4439 1085 4507 Rectore
1117 4443 1263 4529 ejusdem
1293 4445 1435 4509 ecclesia

417 4643 424 4674 ¹
439 4657 529 4690 murcoe
546 4641 597 4689 and
614 4638 826 4705 appropriantur,
835 4639 942 4692 without
962 4643 1045 4693 which
1065 4645 1108 4695 the
1121 4653 1243 4697 sentence
1262 4647 1284 4697 is
1306 4648 1439 4714 meaning-

384 4724 444 4780 less,
456 4735 498 4771 are
513 4719 619 4770 omitted
631 4718 656 4768 in
668 4719 711 4769 the
721 4719 778 4769 MS.
