3350 5800
398 840 440 904 60
846 857 976 913 carran

396 1062 454 1126 pro
477 1042 610 1120 eisdem,
632 1064 653 1106 a
675 1042 844 1107 sacerdote
868 1042 973 1127 ipsius
1011 1045 1178 1124 cantariae,
1205 1046 1246 1109 de
1276 1067 1343 1129 qao
1373 1045 1445 1130 qui-

396 1144 470 1208 dem
494 1166 605 1209 annuo
621 1144 754 1209 rodditu
771 1145 899 1210 mansio
915 1150 950 1209 et
964 1151 1062 1212 terrae
1085 1148 1251 1233 przedictae
1274 1148 1447 1213 retroactis

396 1246 603 1331 temporibus¹
632 1246 766 1311 fuerant
800 1251 964 1326 oneratae3
994 1253 1030 1312 et
1052 1248 1140 1335 quod
1171 1249 1339 1314 modernis
1363 1255 1446 1313 tem·

397 1348 532 1431 poribus
555 1349 758 1413 sacerdotem
793 1347 962 1433 ydoneum
986 1350 1130 1434 reperire
1152 1371 1221 1415 non
1243 1356 1362 1435 potest,
1386 1351 1445 1435 qui

396 1450 503 1514 eidem
527 1450 695 1527 cantarias,
713 1456 782 1514 tam
806 1450 942 1515 exiliter
964 1451 1098 1531 dotatae,
1115 1452 1198 1517 velit
1221 1452 1386 1517 deservire
1400 1453 1447 1533 ,in

395 1550 485 1616 dicta
518 1551 661 1627 ecclesia,
680 1551 782 1636 juxta
816 1556 963 1615 mentem
996 1552 1077 1617 dicti
1115 1552 1315 1619 fundatoris.
1361 1554 1446 1640 Sup-

394 1652 532 1737 piieavit
555 1653 660 1739 igitur
680 1652 777 1718 nobis
801 1651 890 1737 quod
916 1652 1022 1737 ipsam
1053 1654 1246 1733 cantariam,
1268 1678 1343 1720 cum
1368 1656 1445 1722 dote

393 1775 452 1819 sua
474 1755 634 1841 praedicta
657 1776 731 1840 quae
746 1754 879 1839 adjacet
901 1755 1000 1819 terris
1024 1756 1211 1842 Hospitalis
1225 1757 1267 1821 de
1283 1758 1447 1844 Estbregg

392 1854 583 1923 Cantuariae
606 1858 643 1920 in
666 1856 805 1942 praefata
829 1855 912 1921 villa
927 1857 969 1920 de
986 1857 1127 1929 Bourne.
1144 1858 1252 1924 eidem
1276 1860 1444 1945 Hospitali

390 1958 545 2036 adunare,
591 1962 778 2034 annectere,
816 1964 852 2021 et
889 1958 1098 2043 incorporare
1145 1962 1365 2046 dignaremur,
1404 1963 1445 2029 de

390 2084 548 2126 consensu
573 2083 654 2142 suo;
699 2062 871 2147 ipsamque
895 2061 1007 2125 dotem
1031 2067 1247 2148 augmentare
1269 2065 1306 2128 in
1329 2065 1442 2131 eodem

391 2164 571 2250 Hospitali,
601 2163 644 2229 ad
678 2164 804 2228 victum
842 2164 944 2227 unius
981 2166 1159 2230 sacerdotis
1193 2173 1444 2253 competentem,

388 2268 445 2352 qui
468 2273 579 2352 posset
601 2267 637 2330 in
661 2288 707 2342 eo,
731 2272 770 2331 ut
794 2266 947 2330 minister
969 2265 1042 2342 loci,
1065 2267 1221 2333 continue
1244 2270 1444 2346 ministrare,

387 2370 430 2435 ad
453 2370 516 2435 Dei
540 2369 671 2433 laudem
697 2375 731 2433 et
754 2369 901 2453 requiem
936 2370 1123 2433 animarum
1157 2370 1441 2456 subscriptaruru;

388 2471 549 2547 videlicet,
589 2471 740 2536 Dominae
791 2469 943 2534 Iaabellae
981 2491 1087 2555 nuper
1125 2470 1262 2557 Reginae
1300 2473 1441 2558 Angliae,

386 2573 502 2638 «iacobi
525 2572 675 2659 praedicti
707 2571 905 2649 fundatoris,
928 2571 951 2635 J
954 2572 1095 2637 ohannis
1118 2573 1180 2637 filii
1203 2574 1376 2641 Eustachii
1399 2576 1441 2642 de

386 2674 528 2749 Bourno,
552 2674 705 2739 Dorninae
738 2672 936 2758 Margaretae
960 2672 1000 2736 de
1025 2672 1165 2750 Bourne,
1189 2676 1438 2761 progenitorum

387 2775 536 2861 praedicti
575 2774 807 2853 Bartholomei,
832 2774 971 2838 Domini
1009 2774 1149 2840 Roberti
1180 2777 1221 2841 de
1255 2778 1437 2856 Burbache,

385 2884 420 2943 et
453 2876 613 2942 Willelmi
646 2876 687 2942 de
721 2874 869 2955 Bradele,
912 2898 1040 2943 necnon
1072 2898 1132 2962 pro
1167 2878 1273 2943 salute
1308 2879 1436 2946 domini

385 2981 491 3045 nostri
531 2979 632 3065 Regis
664 2979 779 3056 nostri,
817 2978 953 3045 Domini
1004 2978 1169 3044 Johannis
1207 2981 1248 3046 de
1285 2981 1319 3047 la
1356 2983 1433 3061 Lec,

385 3081 520 3148 Domini
556 3080 726 3146 Eustachii
750 3081 791 3145 de
814 3079 1082 3145 Daubriohcourt
1106 3087 1141 3145 et
1164 3083 1324 3148 consortis
1356 3106 1436 3163 suae,

385 3185 520 3250 Domini
556 3183 691 3248 Thomae
723 3183 765 3248 de
799 3182 944 3260 Wolton,
969 3183 1128 3248 Willclmi
1164 3185 1203 3250 dc
1227 3185 1435 3272 Toppectyve

382 3292 415 3352 ot
437 3286 570 3351 Ricardi
603 3284 797 3362 Wodelond,
821 3290 856 3350 et
889 3285 1040 3349 omnium
1072 3286 1321 3352 benefactorum
1353 3290 1435 3354 dicti

382 3389 577 3474 Hospitalis,
607 3393 642 3452 et
664 3386 838 3452 animabus
861 3385 985 3451 nostris
1008 3407 1082 3451 curn
1107 3387 1362 3475 migraverimus
1392 3391 1435 3455 ab

380 3491 441 3557 hac
464 3493 545 3557 luce.
604 3491 657 3566 Et,
680 3495 718 3554 ut
743 3487 803 3554 hoc
825 3487 988 3554 libencius
1011 3497 1047 3553 et
1069 3491 1215 3555 securius
1238 3491 1432 3571 faceremnn,

380 3593 474 3659 dedit
496 3593 593 3659 nobis
616 3597 651 3657 et
674 3590 915 3657 successoribus
947 3591 1071 3655 nostris
1094 3591 1350 3678 imperpetuum,
1375 3617 1433 3679 per

380 3695 504 3761 factum
520 3695 531 3732 ¹
556 3693 729 3768 sufficiens,
746 3697 960 3777 patronatum
985 3693 1088 3778 ipsius
1112 3691 1279 3760 Cantariae
1295 3695 1432 3762 edtemis

381 3799 510 3863 vicibus
525 3796 710 3862 vacacionis
722 3794 879 3880 ejusdem,
891 3795 940 3859 ita
956 3794 1045 3880 quod
1057 3795 1208 3880 eamjam
1220 3796 1255 3860 in
1269 3799 1431 3886 principio

379 3899 603 3976 conferamus;
626 3895 824 3961 reservando
850 3895 916 3959 sibi
940 3900 975 3959 ct
989 3894 1169 3959 heredibus
1194 3895 1263 3962 suis
1278 3903 1313 3963 et
1327 3900 1430 3986 assig-

377 4001 466 4066 natis
482 3997 770 4086 praesentacionem
788 3997 831 4062 ed
847 4019 920 4062 eam
936 3998 973 4060 in
996 3998 1141 4063 secunda
1159 3999 1333 4065 vacacione
1349 4001 1429 4086 ejus,

376 4108 411 4168 et
436 4104 484 4168 sic
509 4103 545 4166 in
575 4099 714 4166 alternis
744 4099 978 4165 vacaoionibus
1007 4099 1157 4184 ejusdem
1186 4101 1223 4164 in
1254 4100 1405 4168 futurum
1417 4128 1426 4182 ;

376 4205 490 4272 volens
513 4203 600 4289 quod
624 4201 664 4266 de
688 4201 784 4266 modo
805 4200 1017 4266 ministrandi
1032 4201 1236 4288 stipendium
1252 4205 1429 4270 sacerdotis

375 4309 473 4374 dictae
510 4304 678 4380 cantoriae,
710 4324 810 4388 quam
843 4303 932 4367 dicto
964 4301 1134 4388 Hospitali
1165 4306 1327 4370 concessit
1358 4307 1429 4372 fore

375 4413 578 4496 perpetuam,
601 4426 728 4470 necnon
751 4405 792 4469 de
814 4404 890 4470 aliis
906 4404 1168 4490 quibuscumque
1190 4406 1226 4469 in
1249 4407 1311 4472 hac
1332 4415 1427 4492 parte

374 4511 566 4578 necessariis
613 4530 671 4573 seu
709 4507 884 4593 oportunis
915 4513 1028 4572 nostra
1072 4509 1282 4586 auctoritate,
1329 4519 1428 4597 prout

1343 4677 1423 4688 .-—..

760 4769 767 4803 ¹
778 4770 929 4833 snctum=a
940 4771 1011 4821 deed.
