3350 5800
420 861 486 926 204
885 868 1019 918 ursaia

420 1061 530 1136 tionis,
569 1053 812 1143 deputationis,
851 1053 1030 1130 electionis,
1059 1053 1131 1119 sive
1159 1053 1356 1133 collationis,
1405 1052 1478 1118 sive

419 1167 594 1249 postquam
625 1157 734 1222 dictus
770 1155 985 1241 magistratus
1017 1156 1088 1221 sive
1122 1156 1341 1242 praepositura
1374 1154 1479 1220 fuerit

419 1265 467 1330 eis
499 1262 638 1329 collatus
676 1258 832 1324 continue
863 1263 1079 1343 computatos,
1110 1279 1210 1323 eausa
1241 1258 1398 1323 servandi
1422 1257 1477 1321 in·

422 1365 660 1452 dempnitatem
695 1361 776 1426 dicti
810 1361 1043 1427 Archidiaconi
1076 1361 1365 1427 archidiaconatus
1388 1381 1475 1446 prae·

421 1469 511 1547 dicti,
558 1465 729 1530 duodecim
777 1461 907 1540 solidos,
963 1464 1132 1529 occasione
1178 1463 1383 1528 inductionis
1429 1463 1474 1526 ab

421 1571 560 1655 antiquo
619 1565 818 1631 auctoritate
867 1563 1103 1630 Archidiaooni
1156 1565 1261 1630 factae.
1323 1564 1474 1649 Insuper,

421 1673 510 1760 quod
549 1669 687 1756 singulis
735 1667 832 1732 annis
862 1666 1021 1752 praefatus
1067 1667 1228 1753 Magister
1274 1667 1345 1731 sive
1385 1665 1475 1730 Prae-

421 1776 547 1865 positus
587 1776 621 1836 et
662 1767 833 1854 Capeliani
876 1769 947 1832 sive
989 1769 1079 1834 Socii
1109 1769 1270 1856 praedicti,
1304 1768 1473 1854 praedicti·

421 1900 485 1964 que
519 1871 672 1962 Magistri
715 1870 786 1934 sive
827 1867 1005 1954 Praepositi
1049 1875 1084 1935 et
1118 1870 1371 1956 Capelianorum
1402 1870 1475 1935 sive

421 1979 591 2046 Sociorum
629 1971 857 2058 praedictorum
908 1971 944 2034 in
990 1971 1105 2036 eodem
1150 1971 1298 2059 Collegio
1346 1991 1473 2035 succes-

420 2103 507 2148 sores
539 2075 792 2162 imperpetuum,
826 2070 916 2136 dioto
948 2072 1200 2151 Archidiaeono,
1232 2073 1367 2158 ejusque
1399 2094 1473 2136 suc-

419 2180 600 2250 cessoribus
631 2176 667 2240 in
698 2173 811 2238 eodem
834 2173 1105 2239 archidiaconatu
1128 2172 1379 2238 Archidiaconis
1408 2174 1473 2236 im-

419 2293 626 2376 perpetuum,
671 2279 800 2344 solvent
846 2277 937 2342 infra
982 2279 1124 2366 triginta
1161 2279 1231 2343 dies
1268 2301 1290 2343 a
1325 2283 1474 2363 ternpore

420 2383 627 2454 visitationis
658 2378 826 2467 praedictas
866 2379 1012 2444 ecclesiae
1046 2379 1151 2444 finitae
1184 2379 1343 2444 continue
1383 2399 1473 2442 corn·

419 2487 592 2577 putandos,
622 2481 754 2548 nomine
784 2481 1087 2564 procurationum,
1119 2486 1247 2566 septem
1281 2481 1402 2546 solidos
1436 2486 1473 2545 et

419 2613 477 2657 sex
500 2585 659 2662 denarios,
682 2583 724 2647 ab
757 2581 897 2665 antiquo
927 2583 1034 2646 eidem
1062 2582 1305 2647 Archidiacono
1332 2582 1472 2660 debitos,

419 2691 581 2760 ucetiam
606 2683 798 2752 duosinfra
833 2683 975 2772 triginta
1006 2685 1077 2749 dies
1112 2690 1188 2770 post
1210 2685 1472 2770 assumptionem

420 2795 500 2864 novi
522 2790 676 2881 Magistri
710 2787 782 2852 sive
806 2784 989 2872 Praepositi,
1012 2787 1167 2873 quotiens
1187 2790 1223 2852 et
1245 2786 1470 2872 quandocum-

420 2922 485 2986 que
522 2894 692 2981 contingct
729 2887 766 2952 in
801 2885 964 2967 futurum,
1001 2912 1062 2976 pro
1107 2888 1351 2976 indempnitate
1383 2889 1472 2975 ejus-

420 3003 495 3067 dem
526 2995 756 3063 Archidiaconi
794 2993 1080 3061 archidiaconatus
1120 2992 1281 3077 praedicti,
1304 2994 1475 3059 occasione

420 3106 591 3171 fructuum
624 3102 768 3185 tempore
818 3094 998 3163 occasionis
1039 3094 1324 3179 qualitercumque
1355 3116 1477 3180 pruve-

420 3204 595 3272 nientium.
642 3198 687 3265 Et
718 3200 807 3286 quod
841 3197 931 3261 idern
953 3194 1224 3273 Archidiaeonus,
1256 3195 1475 3282 ejusdemque

421 3324 620 3373 successores
651 3301 687 3364 in
719 3302 833 3367 eodem
864 3296 1133 3362 archidiaconatu
1155 3297 1388 3363 Archidiaooni
1411 3299 1475 3363 irn-

420 3412 625 3498 perpetuum,
648 3402 775 3469 dictum
798 3400 998 3489 Magistrum
1020 3398 1092 3464 sive
1113 3398 1341 3485 Praepositum,
1358 3399 1477 3487 Capel-

420 3514 578 3593 lanosque
607 3525 665 3568 seu
699 3502 811 3569 Socios
838 3501 1024 3588 praedictos‚
1055 3500 1183 3587 [atque]
1216 3500 1297 3565 dicti
1321 3500 1474 3589 Magistri

419 3614 490 3678 sive
536 3604 710 3691 Praepositi
756 3608 790 3669 et
829 3602 1086 3687 Capelianorum
1124 3601 1196 3665 sive
1234 3600 1406 3666 Sociorum
1437 3603 1475 3667 in

420 3714 533 3781 eodem
558 3707 705 3795 Collegio
727 3727 930 3773 successores
963 3705 1215 3791 imperpetuum,
1239 3725 1297 3790 per
1319 3726 1475 3772 censuras

419 3811 654 3882 ecclesiasticas
676 3810 806 3896 aliaque
836 3808 921 3893 juris
954 3807 1136 3873 communis
1158 3808 1313 3885 remedia,
1335 3813 1406 3874 tam
1436 3812 1475 3875 in

419 3914 567 4005 personis
590 3932 689 3999 quam
719 3913 755 3975 in
788 3909 887 3975 rebus
909 3908 1089 3973 eorrmdem
1114 3908 1268 3996 Magistri
1291 3909 1361 3974 sive
1384 3908 1473 3976 Prm·

420 4017 530 4107 positi,
566 4020 602 4080 et
636 4012 892 4099 Capellanorum
929 4031 987 4073 seu
1027 4008 1197 4075 Sociorum
1231 4010 1472 4095 praedictorum,

420 4126 521 4205 atque
543 4114 721 4181 eorundem
745 4110 899 4200 Magistri
922 4111 993 4175 sive
1017 4109 1192 4195 Praepositi
1215 4132 1254 4176 ac
1277 4111 1473 4198 capellano.

420 4244 495 4289 rum
510 4219 580 4284 sive
597 4214 767 4281 Sociorum
784 4234 1007 4278 successorum
1023 4212 1278 4297 imperpetuum,
1292 4213 1475 4303 infligenda

421 4334 456 4393 et
466 4318 655 4395 exercenda,
671 4316 714 4381 ad
730 4316 929 4382 solutionem
944 4315 1110 4402 integram
1125 4335 1328 4379 summarum
1339 4319 1476 4402 praedio·

426 4432 536 4493 tarum
552 4442 589 4485 ac
604 4418 782 4504 cujuslibet
797 4416 903 4503 partis
926 4415 1105 4481 earundem
1119 4415 1312 4500 compellere
1334 4424 1371 4483 et
1384 4441 1476 4486 coar-

427 4536 500 4597 tare
517 4520 688 4612 [possint].
721 4522 771 4585 Ac
787 4519 924 4603 insuper
950 4518 1040 4602 quod
1059 4517 1141 4582 dieti
1158 4515 1297 4605 collegii
1315 4518 1475 4608 Magister

427 4632 498 4700 sive
510 4624 712 4711 Praepositus
724 4627 758 4687 et
767 4618 940 4706 Capellani
956 4620 1027 4684 sive
1039 4618 1127 4684 Socii
1138 4618 1299 4704 praedicti,
1309 4622 1476 4706 praedicti-

431 4754 493 4819 que
510 4724 663 4813 Magistri
687 4722 756 4789 sive
766 4720 941 4807 Praepositi
957 4724 991 4785 et
1006 4717 1262 4807 capellanorum
1281 4720 1350 4785 sive
1367 4722 1477 4791 Socio-
