3350 5800
574 808 870 858 onurusmussss.
1189 799 1254 862 295

203 984 291 1048 modi
327 1006 446 1049 novem
483 986 692 1072 presbyteros
724 987 805 1051 duos
825 987 995 1052 ordinavit
1016 986 1150 1052 clericos
1185 1010 1258 1072 per·

203 1090 328 1169 petuos,
351 1091 386 1151 et
419 1087 501 1151 duos
535 1087 704 1167 choristas,
741 1088 890 1172 quotidie
914 1086 1060 1154 Summos
1098 1088 1257 1154 Trinituti

202 1185 286 1249 inibi
319 1186 576 1253 ministraturos.
625 1189 717 1253 Idem
754 1211 885 1275 quoque
921 1189 1062 1253 illustris
1094 1189 1257 1276 Princeps

201 1288 245 1351 sd
280 1288 362 1354 dicti
401 1289 649 1365 Gubernatoris,
681 1290 844 1375 Magistri,
882 1291 952 1355 sive
991 1290 1155 1367 Custodis,
1196 1291 1258 1377 [et]

201 1388 479 1474 presbyterorum,
503 1390 703 1468 clericorum,
727 1397 761 1456 et
784 1393 1001 1457 choristarum
1024 1392 1257 1478 prsedictorum

202 1492 457 1557 subventionem
481 1499 517 1559 et
550 1495 828 1559 sustentationem
865 1500 1067 1580 perpetuam,
1091 1516 1257 1579 oneraque

200 1594 267 1657 elia
301 1595 448 1681 ejusdem
472 1594 612 1682 collegii
645 1597 881 1683 supportanda,
905 1597 1066 1660 nonnulle
1099 1597 1257 1671 redditus,

199 1695 338 1773 fructus,
361 1703 550 1783 proventus,
575 1720 613 1763 so
636 1700 867 1775 emolumenta,
892 1720 1032 1783 quorum
1048 1703 1162 1763 tamen
1185 1719 1254 1762 om·

201 1799 294 1861 nium
318 1821 416 1864 verus
449 1801 543 1865 valor
566 1822 706 1875 annuus,
730 1805 879 1886 ternpore
905 1799 1115 1865 fundationis
1138 1798 1255 1886 hujus-

201 1900 299 1975 modi,
323 1901 357 1963 in
381 1906 453 1965 toto
476 1923 638 1965 summam
662 1908 795 1966 centum
820 1907 854 1966 et
887 1923 946 1965 sex
969 1901 1128 1966 librarum
1151 1902 1254 1965 unde-

201 2000 264 2064 cim
289 2002 467 2067 solidorum
492 2009 526 2068 et
549 2008 622 2069 octo
649 2004 869 2078 denariorum,
893 2002 989 2066 annis
1016 2002 1254 2079 communibus,

200 2124 267 2166 non
290 2104 440 2179 excessit,
466 2105 589 2169 eisdem
622 2110 655 2169 et
680 2104 840 2189 praedicto
865 2103 1012 2188 Collegio
1046 2103 1253 2189 perquisivit,

200 2206 369 2281 consessit,
407 2212 442 2269 et
481 2206 627 2271 donavit.
691 2205 756 2271 Sed
795 2205 962 2291 quoniam,
1001 2210 1041 2269 ut
1078 2227 1121 2270 ex
1158 2212 1254 2291 parte

199 2306 377 2369 eorundem
401 2306 554 2393 Magistri
577 2307 648 2371 sive
665 2305 819 2372 Custodis
835 2311 870 2371 et
885 2305 1153 2391 presbyterorum
1176 2307 1254 2372 sub-

193 2404 351 2489 junctum
389 2407 465 2484 fuit,
488 2407 646 2484 redditus,
681 2413 873 2493 proventus,
895 2414 996 2491 atque
1031 2408 1254 2473 emolumenta

199 2508 387 2593 hujusmodi
411 2510 550 2575 adeost
573 2510 608 2574 in
631 2514 774 2585 tantum,
798 2509 920 2574 obinde
943 2515 977 2573 et
1000 2531 1104 2595 usque
1127 2510 1169 2573 ad
1193 2511 1253 2575 hos

199 2609 276 2687 dies,
313 2610 537 2687 decreverunt,
561 2616 596 2675 et
627 2618 706 2674 sunt
732 2610 862 2674 notorio
897 2610 1063 2687 diminuti,
1098 2612 1186 2695 quod
1210 2634 1251 2676 ex

199 2717 233 2775 et
265 2734 339 2777 cum
380 2714 502 2778 eisdem
545 2735 701 2777 nummus
740 2734 952 2799 personarum
988 2712 1176 2794 hujusmodi
1218 2720 1253 2778 et

137 2866 139 2870 .
198 2814 424 2879 ministrorum
465 2816 586 2880 eisdem
620 2815 886 2891 necessariorum,
919 2814 975 2899 qui
1007 2814 1050 2877 ad
1077 2835 1251 2878 numerum

158 2939 162 2948 ’
197 2918 360 2982 sexdecim
384 2939 596 3002 personarum
618 2940 651 2982 se
675 2917 836 2992 extendit,
860 2917 1050 2992 sustentari,
1077 2918 1250 3002 cultusque

197 3017 331 3082 divinus
363 3017 446 3081 inibi
478 3018 646 3083 observari
681 3022 716 3082 et
749 3017 945 3092 continuari,
977 3016 1251 3104 hospitalitasque

197 3119 307 3184 debite
331 3119 445 3196 teneri,
468 3141 506 3184 ac
528 3120 595 3184 clia
618 3141 717 3184 onero
739 3119 907 3184 ordinarie
929 3124 964 3183 et
986 3119 1251 3184 extraordinaris

196 3221 318 3286 eisdem
345 3221 494 3299 Custodi,
522 3222 722 3307 presbiteris,
749 3227 850 3306 atque
875 3223 1001 3287 clericis
1024 3222 1251 3310 incumbentis

195 3343 338 3409 congrus
362 3328 394 3388 et
411 3324 564 3389 decenter
578 3324 767 3409 supportari
791 3345 859 3387 non
882 3324 1005 3401 velent,
1028 3323 1092 3388 nisi
1116 3325 1249 3390 aliunde

196 3426 242 3490 eis
281 3425 536 3516 misericorditer
573 3427 799 3491 subveniatur.
864 3425 1016 3490 Extabat
1054 3432 1177 3502 tamen,
1215 3433 1250 3491 et

195 3533 299 3605 extat,
322 3532 361 3593 ut
393 3549 451 3613 per
472 3533 601 3613 portem
633 3527 809 3592 eorundem
843 3528 1029 3612 expositum
1052 3527 1126 3604 suit,
1160 3528 1250 3595 dicta

194 3631 328 3696 ecclesio
362 3630 558 3717 parochialis
593 3631 633 3695 de
657 3630 886 3715 Whitestsple,
910 3629 1003 3714 cujus
1033 3634 1249 3715 patronatum

194 3731 355 3818 Magister
369 3732 441 3798 cive
457 3731 577 3798 Custos
598 3739 698 3818 atque
714 3733 901 3818 presbyteri
925 3737 958 3796 et
981 3732 1091 3797 clerici
1115 3733 1249 3818 praefati

194 3834 343 3899 obtinere
366 3840 556 3911 noscuntur,
581 3856 655 3921 quse
679 3835 716 3898 in
742 3835 810 3898 suis
837 3834 1001 3899 fructibus
1024 3841 1058 3898 et
1081 3837 1249 3920 proventi-

193 3936 255 4000 bus
287 3936 368 4000 satis
396 3934 516 4000 fertilis
540 3939 574 4000 et
598 3935 772 4000 abundans
795 3937 913 4001 existit
935 3936 976 4000 de
1007 3941 1041 4000 et
1064 3937 1249 4021 exquibus

193 4058 277 4103 onus
319 4058 407 4102 curre
438 4036 585 4121 ejusdem
617 4037 759 4101 ecclesiae
793 4036 833 4101 de
866 4037 1093 4122 Whitestaple,
1125 4048 1249 4112 cetera.

193 4161 256 4224 que
288 4160 390 4204 onere
420 4139 527 4202 eidem
563 4138 799 4213 incumbentia,
822 4137 1023 4205 sufficienter
1046 4152 1080 4210 et
1113 4149 1250 4213 honeste

192 4242 358 4318 sustineri,
381 4241 635 4326 necessitatique
664 4240 802 4326 Collegii
835 4242 994 4307 antedicti
1019 4245 1248 4335 Magistrique

192 4343 470 4428 presbyterorum,
494 4343 692 4418 clericorum,
727 4347 762 4406 et
787 4343 1007 4409 choristarum
1042 4348 1188 4432 ejusdem
1212 4351 1248 4414 in

191 4443 369 4529 prssmissis
392 4449 618 4529 competenter
640 4443 809 4507 subveniri
834 4447 965 4529 poterit,
982 4448 1009 4510 si
1036 4453 1071 4512 et
1105 4451 1143 4513 in
1167 4473 1247 4517 cusu

192 4567 258 4630 quo
281 4547 373 4610 illam
397 4547 565 4611 ecclesium
589 4546 677 4611 dicto
694 4545 852 4627 OollegiO,
876 4546 1045 4632 Magistro,
1069 4551 1139 4616 sive
1165 4551 1249 4618 Cus-

190 4648 262 4713 todi
279 4652 313 4713 et
336 4649 547 4735 presbyteris,
565 4649 727 4713 incorum
744 4648 894 4732 proprios
910 4671 998 4720 usus,
1013 4672 1074 4736 pro
1089 4659 1248 4740 perpetuo
