3350 5800
565 857 857 905 cauruaarausas.
1199 838 1241 905 17

179 1040 253 1107 volo
289 1048 324 1107 et
357 1044 482 1119 ordino,
507 1043 595 1128 quod
622 1044 710 1108 idem
735 1042 935 1127 (lapellanus
966 1040 1107 1126 singulis
1139 1038 1238 1103 annis

178 1142 342 1229 percipiat
364 1144 545 1211 duodecem
571 1166 698 1211 marcas
721 1144 955 1229 sterlingorum
990 1142 1031 1207 de
1054 1140 1150 1206 bouis
1173 1140 1241 1206 col·

179 1241 257 1329 legii
297 1245 459 1330 praedicti,
495 1246 653 1313 videlicet
687 1246 722 1309 in
761 1244 827 1309 fine
866 1244 1043 1329 cujuslibet
1079 1240 1239 1327 quarterii

179 1346 405 1433 quadraginta
452 1348 574 1414 solidos
586 1372 594 1427 ;
633 1367 667 1412 et
711 1346 926 1411 residentiam
965 1342 1171 1431 personalem
1204 1344 1240 1407 in

178 1449 330 1514 cantaria
364 1450 434 1515 sive
467 1448 604 1537 collegio
637 1449 796 1535 praedicto
819 1448 939 1521 faciat;
967 1446 1119 1531 bonaque
1154 1444 1240 1529 ejus·

179 1547 256 1613 dem
279 1548 422 1616 fideliter
445 1556 642 1625 conservet;
673 1556 707 1616 ct
730 1550 818 1635 quod
841 1548 933 1614 aliud
957 1548 1156 1613 beneficium
1180 1566 1240 1610 seu

180 1648 326 1716 officium
351 1653 607 1719 ecclesiasticum
631 1659 692 1717 aut
714 1651 879 1738 hospitale
910 1671 978 1715 non
1001 1649 1122 1715 babeat
1145 1668 1239 1715 cura·

180 1752 279 1831 tum,1
303 1776 361 1839 per
383 1756 472 1839 quod
496 1776 517 1819 a
539 1753 720 1821 residentia
750 1752 916 1839 personali
952 1757 986 1817 et
1020 1748 1240 1817 celebratione

178 1853 372 1919 divinorum
405 1858 565 1943 praedicta
600 1856 807 1943 impediatur.
856 1854 943 1920 Item
982 1852 1110 1931 ordino,
1145 1852 1235 1937 quod

179 1954 249 2019 <luo
274 1956 420 2023 Scolares
443 1958 571 2045 collegii
607 1958 756 2044 praedicti
788 1958 834 2022 sic
858 1956 899 2021 de
922 1960 1029 2021 cetero
1055 1958 1239 2032 sumantur,

180 2057 348 2137 videlicet,
365 2081 452 2126 unus
475 2062 515 2126 de
542 2060 829 2147 consanguinitate
853 2080 936 2135 mea,
958 2061 993 2122 et
1008 2056 1094 2121 alius
1117 2055 1158 2120 de
1181 2077 1239 2141 pa-

180 2160 296 2227 rochia
319 2162 360 2227 de
376 2163 571 2249 Bradegare,
594 2163 799 2249 Houkynge,
823 2162 875 2225 vel
900 2160 1134 2245 Holingborne‚
1152 2157 1239 2225 Gan-

179 2262 362 2327 tuariensis
387 2264 544 2343 dioecesis‚
569 2264 718 2329 ordinem
752 2262 852 2348 hujus
886 2260 1058 2347 scripturae
1092 2258 1239 2325 conside·

178 2363 307 2443 rando;
341 2371 376 2431 et
410 2372 549 2452 uterquc
582 2387 694 2431 eorum
719 2387 793 2431 cum
816 2369 1042 2450 competenter
1063 2363 1171 2448 legere
1203 2366 1239 2424 ct

179 2470 317 2531 cantare
352 2468 495 2543 sciverit,
519 2473 554 2532 et
576 2489 643 2533 non
675 2473 762 2543 ante,
786 2466 977 2531 nominetur
1008 2470 1043 2529 et
1075 2463 1237 2549 praeficia-

184 2572 244 2631 tur
290 2589 350 2653 per
388 2569 586 2655 Magistrum
627 2575 661 2635 et
705 2569 872 2635 Scolarcm
907 2567 988 2633 dicti
1029 2566 1157 2653 collegii
1202 2566 1240 2629 in

182 2668 319 2733 Socium
353 2677 388 2736 et
423 2672 588 2737 Scolarem
614 2672 770 2739 cantariae
802 2672 873 2735 sive
908 2670 1035 2755 collegii
1068 2666 1239 2755 praedicti3

179 2769 316 2856 sintque
352 2772 476 2837 ibidem
514 2772 662 2840 Scolares
695 2773 846 2859 praedicti
879 2772 926 2836 sic
957 2769 1119 2855 assumpti
1143 2767 1232 2836 Socii

180 2880 216 2940 et
240 2872 388 2942 Scoleres
423 2876 521 2943 dictae
555 2877 711 2944 cantariae
734 2876 804 2942 sive
828 2873 967 2961 collegii,
990 2892 1160 2958 quousque
1185 2870 1235 2935 vi-

179 2978 338 3042 cesimum
371 2979 527 3065 quintum
550 3001 675 3044 annum
699 2978 808 3044 aetatis
831 2998 900 3042 suae
931 2974 1181 3060 compleverint,
1204 2977 1239 3037 et

180 3099 249 3144 non
273 3080 369 3145 ultra.
418 3080 454 3145 Si
479 3087 592 3146 tamen
614 3086 693 3145 ante
716 3078 911 3144 vicesimum
933 3077 1091 3162 quintum
1113 3096 1239 3140 annum

182 3180 309 3245 fuerint
339 3183 492 3267 promoti,
516 3182 693 3268 conjugati,
719 3182 771 3247 rel
795 3203 836 3246 ex
868 3179 971 3265 justis
994 3179 1103 3243 causis
1125 3177 1241 3252 amoti,

181 3288 264 3348 tnnc
296 3284 371 3348 volo
407 3284 503 3369 quod,
526 3281 594 3348 illis
629 3283 757 3362 amotis¹
782 3283 899 3348 statim
922 3282 993 3346 loco
1017 3280 1150 3346 illorum
1180 3278 1240 3344 alii

182 3384 415 3469 praeficiantur.
464 3386 508 3450 Et
530 3386 560 3449 si
591 3385 627 3450 in
662 3386 760 3451 dictis
792 3384 955 3471 parochiis
977 3381 1142 3448 sufficiens
1173 3400 1241 3445 non

182 3487 374 3572 reperiatur,
398 3493 610 3552 assumantur
632 3487 713 3554 dicti
739 3487 887 3554 scolares
911 3485 953 3550 da
977 3485 1053 3550 aliis
1076 3483 1241 3570 parochiis

181 3588 380 3652 conviscinis
405 3589 655 3654 cantuariensis
678 3588 828 3654 dioecesis
851 3587 1030 3673 predictae.
1078 3584 1241 3652 Habebit·

182 3709 246 3774 que
277 3697 466 3777 assumptus
505 3713 563 3778 per
597 3691 723 3758 dictum
756 3689 974 3776 Oapellanum
1002 3693 1036 3753 et
1074 3686 1241 3752 Scolarem

183 3791 315 3880 collegii
338 3795 497 3880 praedicti,
521 3795 660 3871 litteras,
684 3793 793 3881 sigillo
817 3793 984 3858 communi
1007 3791 1089 3856 dicti
1111 3789 1241 3876 collegii

187 3892 363 3980 sigillatas,
386 3917 485 3981 super
517 3895 743 3961 nominatione
775 3900 810 3958 ct
842 3893 1053 3979 praefectione
1086 3892 1155 3956 suis
1178 3891 1240 3956 hu·

178 3993 335 4076 jusmodi.
396 3995 568 4082 Eruntque
609 3995 657 4061 sic
699 3995 863 4060 nominati
896 3993 984 4059 Socii
1018 3998 1053 4058 et
1091 3992 1239 4079 praelecti

183 4095 331 4162 Scolares
355 4096 437 4163 dicti
460 4099 589 4185 collegii
621 4104 661 4164 ut
692 4097 932 4183 praemittitur3
953 4102 1005 4161 set
1036 4117 1103 4161 non
1133 4097 1240 4160 nomi-

183 4197 355 4263 nabuntur
371 4204 404 4264 et
420 4199 634 4286 proficientur
656 4220 826 4286 quousque
843 4199 969 4264 fuerint
983 4196 1091 4263 aetatis
1114 4201 1240 4282 septem

85 4353 89 4362 .
182 4319 345 4364 annorum
376 4306 411 4366 ct
440 4301 618 4368 habuerint
656 4301 795 4388 primam
832 4306 1003 4365 tonsuram
1041 4297 1242 4378 clericalem

182 4401 344 4488 finitoque
378 4405 521 4470 termino
554 4404 732 4470 eorundem
767 4403 942 4469 scolarium
984 4402 1241 4488 praenominato·

184 4523 268 4581 rum,
300 4503 358 4570 alii
394 4505 460 4571 duo
495 4503 641 4573 Scolarcs
674 4510 709 4572 ct
743 4503 840 4581 Socii,
864 4503 912 4572 sic
942 4507 982 4568 ut
1013 4502 1240 4589 praemittitur,

615 4789 624 4824 ¹
641 4787 778 4840 curandum
796 4790 809 4840 'i
