3350 5800
580 823 871 876 currulmrssns.
1193 814 1257 877 225

197 1043 556 1110 1046.—Oouu1ss1o
594 1044 729 1110 Domm
776 1045 884 1109 Rssrs
929 1061 995 1109 rso
1042 1059 1256 1120 ouunsnums
1299 1064 1328 1112 17
1341 1061 1406 1112 nee.

247 1161 443 1212 srnuumrn
467 1165 509 1212 nr
531 1163 738 1223 cursorum
761 1164 959 1214 noummus
983 1163 1208 1212 snorrrnnns.
1312 1131 1385 1180 ¹⁴⁶⁷·

240 1285 406 1352 Hauriaus
436 1287 499 1350 ner
529 1288 640 1374 gaus
671 1287 743 1352 sex
774 1288 915 1376 Angue,
946 1293 1006 1352 aec.
1038 1288 1159 1353 dilecto
1186 1287 1253 1358 sior
1267 1237 1300 1288 n.
1315 1242 1363 1289 ¹⁸⁸
1375 1257 1401 1291 ‘¹‘

193 1386 230 1450 sn
261 1385 396 1454 curso
427 1388 531 1453 mos
569 1389 724 1455 recussis
757 1388 884 1456 cursu
916 1388 1178 1466 cantuariensis,
1214 1371 1426 1488 afflat

193 1489 364 1554 clarissimo
394 1513 454 1555 suo
478 1491 644 1556 Edwordo
667 1491 800 1557 Nevillo
831 1492 873 1556 de
898 1492 1117 1576 Bergevenny
1140 1490 1252 1568 militi,
1265 1503 1368 1554 sionor

194 1612 233 1656 so
264 1591 393 1658 dilectis
424 1598 458 1658 et
488 1593 641 1658 fidelibus
672 1594 741 1657 suis
773 1591 920 1658 Waltero
951 1593 1051 1669 Mule,
1083 1579 1406 1686 Willelmossffssffisent

194 1690 390 1778 Wangfond,
427 1694 575 1760 Johsnni
614 1694 750 1780 Cheyne
789 1695 899 1772 militi,
936 1694 1070 1760 'lbomae
1106 1693 1249 1779 Kyryell
1262 1701 1378 1780 Priqrof

195 1795 306 1872 muner,
329 1795 487 1860 servasius
511 1794 653 1881 cryeon
675 1796 787 1874 maun
821 1796 959 1862 Thomae
992 1796 1106 1861 sroun
1138 1767 1366 1884 msusffl,

194 1917 232 1960 sc
278 1897 409 1963 dilectis
450 1897 513 1962 sibi
548 1896 716 1963 Willelmo
752 1897 875 1976 Haute,
911 1897 1056 1963 Ricardo
1091 1896 1354 1981 whyteraquto
1367 1914 1422 1950 eer-

194 2005 265 2076 ton,
309 1997 458 2064 Woltero
507 1999 667 2087 banghy,
712 1999 859 2064 lieberto
910 1998 1057 2076 Hoorne,
1102 1973 1368 2099 Johannifflm

195 2098 345 2177 Warnar,
380 2101 546 2166 Willelmo
584 2101 688 2179 Kone,
713 2101 881 2165 Willelmo
917 2101 1067 2178 Hextall,
1101 2099 1249 2164 Johanni
1262 2101 1420 2213 apogentry

195 2199 318 2287 uogge²
349 2201 496 2266 somnus
526 2202 721 2280 snserors,
745 2200 913 2267 wilelmo
942 2202 1019 2279 me,
1049 2206 1084 2266 ee
1107 2180 1277 2266 suaru0⁰
1301 2165 1377 2216 Μ·

196 2301 325 2386 Bruyn‚
341 2303 490 2369 sulutem.
537 2303 657 2370 Sciatis
673 2303 762 2389 quod
784 2325 861 2368 cum
883 2304 920 2367 in
935 2304 1154 2389 parliamento
1177 2325 1251 2366 nos·

195 2407 259 2480 tro,
283 2404 437 2470 inchoato
459 2405 549 2491 apud
566 2405 707 2491 Redyng
729 2410 824 2470 sexto
847 2405 902 2469 die
918 2405 1032 2470 Martii
1054 2426 1142 2469 anno
1157 2406 1250 2491 regni

194 2506 301 2571 nostri
326 2507 492 2572 tricesimo
514 2508 630 2593 primo,
646 2505 919 2586 Communitates,
935 2529 995 2593 pro
1017 2507 1251 2572 comitatibus¹

194 2613 229 2673 et
252 2608 368 2694 burgis
392 2609 484 2694 regni
516 2608 621 2673 nostri
645 2608 790 2696 Angliae‚
813 2631 856 2673 ex
878 2631 1015 2674 assensu
1042 2608 1252 2672 dominorum

195 2710 421 2795 spiritualium
445 2717 479 2776 et
501 2710 734 2798 temporalium
759 2712 794 2775 in
821 2712 911 2777 dicto
934 2712 1153 2798 parliamento
1175 2732 1252 2775 nos·
1319 2766 1324 2778 .

194 2819 248 2876 tro
280 2811 507 2892 existentium,
529 2814 748 2879 concesserint
778 2813 883 2890 nobis
913 2814 956 2878 ad
988 2814 1145 2878 honorem
1176 2811 1251 2889 Dei,
1264 2766 1409 2900 milii

193 2935 255 2999 pro
290 2916 481 2983 defensione
520 2918 611 3003 regni
651 2918 756 2981 nostri
790 2918 952 3002 praedicti,
985 2916 1107 3004 viginti
1145 2915 1251 2979 millio
1264 2906 1384 3017 ²⁰2200.

196 3017 369 3084 hominum
400 3018 657 3104 sagittariorum,
681 3018 724 3083 ad
755 3019 1016 3103 exspectandum
1046 3018 1081 3081 in
1112 2980 1404 3090 servitioilcssimn

196 3124 312 3185 nostro
345 3141 405 3206 per
438 3122 583 3206 spatium
619 3120 749 3185 dimidii
784 3122 873 3198 unni,
905 3120 988 3207 ipsis
1022 3120 1182 3206 eligendis
1217 3127 1251 3186 et

195 3220 364 3285 solvendis
398 3243 456 3307 per
489 3222 575 3307 ipsos
611 3221 667 3307 qui
701 3221 885 3307 portabunt
917 3222 994 3286 inde
1033 3222 1069 3285 in
1103 3221 1252 3306 qualibet

196 3322 314 3407 patria
361 3322 406 3387 Et
428 3322 516 3408 quod
540 3323 682 3407 quilibet
704 3323 895 3400 comitatus,
909 3323 1041 3400 civitas,
1064 3321 1201 3408 burgus,
1217 3329 1251 3387 et

197 3427 290 3507 villa,
314 3426 395 3493 dicti
427 3428 521 3513 regni
552 3428 667 3505 nostri,
690 3434 760 3493 tam
790 3428 953 3493 comitatu
983 3426 1121 3493 Cestriae
1152 3448 1252 3511 quam

197 3525 331 3605 wallia,
362 3527 524 3612 equaliter
567 3534 791 3603 onerarentur,
822 3527 1002 3592 secundum
1045 3548 1138 3591 suam
1177 3525 1254 3589 sub·

198 3628 371 3705 stantiam,
395 3628 501 3693 eidem
533 3629 734 3693 concessioni
757 3629 871 3693 eodem
902 3634 1060 3714 tempore.
1117 3626 1253 3691 Proviso

198 3749 329 3814 semper
359 3728 483 3795 eaedem
507 3728 771 3795 Communitates
801 3729 964 3794 haberent
993 3728 1253 3815 oportunitatem

200 3832 243 3897 ad
275 3830 477 3896 svisandum
512 3836 546 3895 et
583 3832 825 3917 providendum
864 3832 1016 3917 qualiter,
1048 3836 1082 3895 et
1114 3831 1150 3894 in
1187 3850 1346 3928 qusunder
1357 3893 1401 3928 cer

200 3933 318 4009 forma,
340 3932 442 3997 iidem
465 3930 615 3997 homines
638 3934 804 4021 sagittarii
828 3934 1037 4010 haberentur,
1053 3938 1087 3996 et
1109 3933 1171 3997 hoc
1193 3944 1418 4017 peruinmnoi-

201 4038 291 4123 ipsas
325 4034 589 4101 Communitates
619 4037 733 4101 taliter
762 4036 864 4115 facto,
894 4037 1025 4102 eosdem
1062 4012 1339 4122 sagittarios¹¹⁰¹¹⁸'

202 4139 274 4203 fore
314 4144 483 4225 promptos
522 4137 612 4203 infra
649 4144 792 4224 quatuor
829 4160 957 4203 menses
994 4143 1070 4223 post
1108 4137 1253 4202 debitum

202 4241 496 4329 praemunitionem
535 4261 594 4327 per
630 4263 690 4306 nos
729 4241 867 4308 cuilibet
903 4241 1085 4317 comitatui,
1118 4240 1257 4317 civitati,

204 4344 321 4431 burg0,
346 4350 382 4409 et
403 4343 502 4421 villae,
527 4343 677 4429 praedioti
700 4344 793 4433 regni
823 4343 928 4409 nostri
959 4365 997 4408 ac
1020 4340 1157 4418 Walliae,
1179 4342 1257 4405 inde

206 4447 372 4524 fiendam
412 4450 447 4511 et
480 4446 568 4532 quod
600 4446 690 4512 dicto
727 4444 891 4512 concessio
921 4466 988 4510 non
1017 4444 1166 4530 capietur
1195 4462 1256 4527 pro

202 4548 410 4635 praeeedenti
441 4548 512 4613 sive
543 4548 692 4633 exemplo
723 4547 818 4613 nobis
847 4569 953 4633 neque
976 4546 1159 4611 haeredibus
1182 4565 1255 4608 nos·

210 4662 343 4671 -—‘—·
351 4668 602 4684 -Ἇ--ψ
610 4676 806 4683 -.-..——-
827 4678 846 4682 -
1000 4676 1004 4680 .
1179 4675 1242 4687 ‘-

564 4733 573 4768 ¹
593 4736 818 4797 ronumunilalihus
831 4736 887 4787 MS.

299 4825 324 4875 U
360 4828 449 4875 55671.
1100 4842 1120 4887 Ρ
