3350 5800
434 818 498 881 262
890 834 1025 881 nusum

265 1012 319 1061 The
429 1010 559 1091 litteris,
577 1020 698 1103 quibus
721 1022 756 1083 et
778 1021 876 1079 tuum
899 1010 1049 1076 smmum
1072 1010 1298 1098 significabam
1320 1017 1476 1097 tuumque

264 1078 400 1205 mii.
431 1119 673 1197 munusoulum,
696 1123 737 1184 ut
768 1114 869 1190 valui,
902 1112 1026 1197 scripto
1057 1111 1256 1197 perorncvi,l
1287 1134 1359 1177 rem
1392 1119 1479 1178 tuem

265 1218 399 1325 wilm
431 1219 666 1285 commendavi.
714 1216 819 1302 Cujus
852 1214 900 1279 rei
935 1213 1106 1301 negotium
1137 1213 1247 1298 ipsum
1279 1214 1352 1279 sine
1385 1214 1481 1281 inter-

264 1291 388 1409 ffmfffi
433 1316 588 1385 missione
610 1320 786 1409 perfecisse
810 1316 892 1382 sctis
915 1315 1075 1403 intellige,
1089 1319 1164 1379 tum
1179 1336 1223 1379 ex
1245 1314 1368 1381 litteris
1382 1317 1481 1402 ipsius

266 1412 382 1489 ‘⁰3⁰²b01
435 1418 586 1507 Magistri
640 1421 835 1497 Oaundeler,
873 1424 947 1483 tum
995 1439 1037 1481 ex
1083 1416 1224 1481 eliorum
1273 1418 1481 1485 sermonibus

267 1478 327 1596 ddi
335 1494 422 1595 prpp-
436 1520 555 1607 Accepi
579 1523 706 1589 interea
728 1523 790 1587 hoc
822 1526 920 1587 tuum
952 1518 1186 1583 munusculum
1208 1519 1298 1605 apud
1321 1540 1399 1585 enm
1420 1542 1482 1585 non

266 1612 397 1729 223³&
435 1622 583 1711 vulgaris
606 1631 666 1691 aut
688 1624 784 1711 parvi
808 1621 964 1710 ponderis
998 1619 1111 1696 fuisse,
1135 1625 1186 1685 set
1208 1620 1359 1706 profecto
1382 1644 1433 1687 res
1454 1622 1483 1687 ei

267 1744 348 1795 Dran.
436 1728 508 1789 eret
531 1747 629 1811 quam
652 1726 844 1815 gratissima
865 1722 1147 1809 optatissimaque.
1195 1722 1284 1787 Nam
1299 1724 1364 1788 etsi
1380 1729 1484 1790 vester

436 1831 572 1892 mutuus
604 1850 697 1893 emor
728 1832 798 1892 tam
832 1826 949 1891 firmus
983 1830 1118 1909 tamque
1150 1830 1343 1911 perspectus
1374 1826 1421 1891 sit
1446 1831 1484 1891 ut

435 1948 542 2013 neque
565 1928 665 2015 hujus
688 1928 876 1994 dilectionis
898 1927 992 2015 signo
1015 1947 1076 1991 nec
1098 1926 1242 1991 testibus
1256 1932 1360 2015 egeat,
1375 1934 1483 1992 tamen

435 2028 513 2095 huie
535 2031 661 2095 homini
686 2053 753 2096 rem
786 2027 1021 2117 peijocundam
1050 2048 1121 2091 esse
1150 2029 1226 2106 scio,
1249 2030 1284 2093 in
1308 2030 1411 2115 hujus
1440 2030 1483 2094 rei

434 2140 668 2221 argumentum
700 2139 818 2221 petens
849 2134 879 2199 ei
914 2131 1041 2218 aliquid
1073 2133 1205 2221 signum
1229 2156 1250 2198 a
1272 2139 1307 2199 te
1329 2134 1483 2199 exhiberi.

435 2234 523 2299 Nori
548 2258 608 2324 ego
632 2238 733 2324 hujus
756 2237 820 2301 viri
844 2239 999 2311 mentem,
1021 2235 1165 2320 novique
1189 2235 1279 2299 illius
1302 2237 1337 2300 in
1362 2242 1397 2301 te
1415 2258 1482 2301 cem

433 2340 690 2406 teneritudinem
723 2341 1017 2429 integritatemque
1045 2339 1158 2416 animi,
1181 2339 1322 2425 quodsi
1345 2344 1485 2426 quantu·

433 2438 633 2527 lumounque
671 2447 740 2508 tum
762 2442 799 2506 in
831 2442 942 2529 ipsum
965 2444 1091 2505 mutuae
1123 2440 1365 2507 benevolentiae
1394 2443 1483 2507 testi-

433 2546 580 2610 monium
604 2548 790 2633 prestiteris
813 2569 880 2612 non
903 2546 1021 2611 dubito
1044 2568 1114 2611 rem
1137 2546 1199 2611 sibi
1216 2547 1361 2611 effeceris
1376 2547 1483 2633 perju-

432 2648 582 2713 cundum.
630 2650 748 2736 Itaque
765 2656 812 2728 ut,
829 2650 880 2715 uti
904 2648 1041 2727 solebas,
1058 2670 1134 2713 eum
1157 2649 1229 2714 sine
1243 2650 1483 2715 intermissione

432 2750 636 2815 carissimum
665 2752 788 2817 habeas
817 2756 852 2817 te
876 2771 1083 2836 summopere
1106 2772 1265 2839 rogarem.
1310 2748 1429 2817 Valeat
1450 2753 1484 2816 in

433 2848 567 2919 Christo
590 2875 719 2940 semper
734 2852 877 2920 feliciter
892 2856 953 2919 tua
969 2852 1164 2918 Pateruitas.
1211 2852 1262 2918 Ex
1278 2852 1419 2918 Oxoniis
1433 2852 1484 2938 iij⁰

435 2955 551 3024 Nonas
575 2957 788 3044 Septembris.

826 3059 919 3123 rl'uus
941 3058 985 3122 ad
1008 3061 1128 3123 nutum

879 3159 1045 3225 Domsos
1075 3159 1223 3226 Tsouas
1245 3159 1439 3225 (locos-rou.

910 3393 1007 3462 1072.

324 3597 337 3630 r
476 3555 564 3620 Most
598 3555 777 3620 honorable
812 3553 932 3638 fathyr
961 3575 1010 3638 yn
1043 3553 1116 3618 God
1148 3553 1243 3640 aftyr
1266 3555 1341 3619 dew
1362 3575 1483 3620 recom-

333 3663 351 3697 ¹¹
431 3656 635 3742 mendacyon
667 3656 734 3720 and
766 3655 954 3741 obedyence
977 3655 1151 3741 premysed
1182 3655 1293 3741 please
1316 3657 1368 3722 hit
1389 3678 1483 3742 yowr

431 3759 606 3844 worschyp
640 3763 675 3824 to
709 3758 840 3834 knowe,
862 3756 939 3822 that
969 3778 1006 3821 as
1028 3757 1083 3821 for
1104 3757 1162 3824 the
1186 3757 1426 3844 Werdenschip
1447 3758 1484 3823 of

431 3858 643 3947 Canterbury
666 3859 799 3948 Collcge
829 3861 906 3925 ther
927 3882 969 3946 ys
991 3883 1059 3926 non
1082 3859 1118 3924 of
1139 3883 1199 3947 my
1221 3861 1386 3946 brethryu
1409 3862 1484 3927 that

428 3986 555 4051 ymay
584 3963 697 4029 forber
728 3961 815 4028 from
848 3963 926 4027 hom
958 3985 995 4027 so
1026 3962 1119 4048 abyll
1153 3962 1229 4028 ther
1260 3969 1296 4028 to
1327 3985 1364 4028 as
1396 3963 1482 4029 Dan.

429 4065 571 4132 Thomas
609 4064 773 4152 Umfrey;
804 4065 863 4129 the
903 4063 1031 4128 whiehe
1071 4064 1184 4152 beyng
1223 4065 1368 4130 Wardeu
1407 4067 1482 4131 ther

428 4189 508 4254 may
541 4167 611 4232 also
642 4187 736 4254 grow
765 4189 813 4252 yn
847 4165 1015 4254 kunnyng
1045 4186 1092 4229 un
1125 4171 1162 4231 to
1192 4166 1251 4231 the
1282 4166 1417 4251 pleesur
1447 4167 1483 4232 oi

428 4268 502 4334 God
517 4269 584 4334 and
600 4269 775 4354 worschyp
790 4266 827 4332 of
849 4289 938 4354 your
952 4265 1115 4333 Ghurche.
1162 4266 1318 4334 Wherfor
1345 4269 1481 4356 mekely

428 4370 605 4457 ybeseche
626 4390 714 4455 your
736 4368 953 4454 Lordschypp
977 4373 1012 4434 to
1036 4369 1135 4432 make
1157 4369 1240 4454 hym
1261 4391 1310 4454 yn
1326 4370 1385 4435 the
1400 4372 1482 4457 seyd

429 4472 529 4550 office,
552 4472 618 4537 and
641 4471 843 4560 Allmygthy
866 4469 940 4536 God
974 4471 1060 4536 have
1082 4492 1161 4556 yow
1183 4494 1232 4557 yn
1253 4471 1319 4557 hys
1342 4472 1482 4560 blyssyd

430 4575 575 4662 kepyug.

557 4777 563 4808 ¹
582 4773 676 4824 Munus
688 4791 800 4824 nostrum
814 4783 904 4824 ornato
917 4773 1190 4833 verbis-Eunuchus,
1202 4781 1243 4824 aot
1255 4773 1281 4824 ii.
1294 4791 1328 4825 sc.
1344 4779 1365 4825 l.

1635 2087 1637 2166 l
