3350 5800
410 803 475 865 128
850 816 983 865 amasa

405 1000 517 1080 fuerit,
551 1024 610 1067 seu
645 1002 682 1067 in
716 1002 789 1087 ejas
824 1002 978 1069 absentia
1012 1002 1203 1089 Supprioris
1238 1002 1292 1068 vel
1324 1003 1462 1069 alterius

405 1103 641 1188 cujuscumque
680 1103 890 1189 praesidentis
924 1105 1057 1182 ibidem,
1095 1110 1130 1171 et
1162 1112 1243 1169 tunc
1273 1124 1342 1169 non
1375 1103 1462 1169 ultra

405 1226 550 1269 mensem
573 1206 610 1268 in
631 1210 704 1271 toto
727 1226 816 1269 anno
831 1204 1055 1281 kalendarem,
1070 1205 1168 1270 simul
1192 1204 1245 1269 vel
1269 1206 1462 1283 successive,

405 1306 535 1371 nisiex
557 1326 657 1371 causa
679 1306 872 1380 necessaria,
897 1307 993 1373 nobis
1026 1307 1105 1371 dum
1139 1308 1338 1393 superstites
1361 1306 1462 1371 fueri·

405 1428 487 1485 mus,
511 1427 569 1471 seu
592 1408 833 1473 successoribus
856 1409 988 1485 nostris,
1004 1409 1040 1472 in
1064 1409 1212 1486 civitate,
1229 1413 1263 1473 et
1285 1408 1323 1472 in
1345 1429 1460 1474 eorum

405 1510 559 1575 absentia
591 1510 708 1584 Priori,
741 1510 795 1576 vel
830 1510 867 1573 in
903 1510 975 1596 ejus
1008 1510 1160 1576 absentia
1188 1510 1362 1597 Suppriori
1401 1532 1460 1575 seu

405 1610 502 1675 alteri
536 1611 728 1697 praesidenti
753 1610 908 1677 Ecclesia
943 1618 1066 1677 nostrae
1099 1611 1276 1697 praediotae,
1309 1612 1462 1696 exposita

405 1733 443 1775 ac
477 1718 618 1797 accepta
664 1712 770 1776 Item:
794 1712 957 1789 volumus,
990 1712 1180 1790 statuimus,
1204 1718 1238 1777 et
1260 1712 1461 1789 ordinamus,

405 1814 493 1899 quod
516 1812 617 1878 iidem
640 1812 706 1877 duo
730 1812 903 1899 Capeliani
927 1814 1043 1892 nostri,
1065 1821 1100 1880 et
1123 1836 1235 1879 eorum
1260 1834 1460 1881 successores

405 1915 462 1999 qui
496 1935 556 2000 pro
589 1920 737 2000 tempore
769 1920 879 1995 erunt,
903 1915 939 1979 in
963 1914 1081 1981 habitu
1104 1923 1140 1981 at
1163 1920 1301 1981 tonsura
1323 1914 1460 2001 presby-

403 2017 564 2081 teralibus
587 2016 756 2081 honestius
772 2016 936 2092 incedant,
953 2021 988 2081 et
1010 2016 1098 2102 quod
1121 2037 1183 2083 nec
1206 2038 1266 2103 per
1287 2017 1460 2081 civitatem

405 2118 603 2195 (incurrant,
636 2138 696 2181 seu
739 2117 825 2181 alter
856 2138 970 2183 eorum
1005 2117 1170 2183 discurrat
1208 2118 1461 2203 quoquom0do;

403 2219 459 2283 sed
495 2218 583 2303 quod
618 2217 810 2283 cohabitent
843 2220 884 2283 de
916 2220 969 2283 die
992 2226 1027 2284 et
1050 2218 1091 2284 de
1114 2225 1219 2295 nocte,
1242 2240 1281 2285 ac
1303 2219 1402 2283 simul
1424 2226 1460 2283 et

403 2318 502 2384 semel
528 2319 702 2385 comedant
717 2320 754 2383 in
769 2320 912 2404 quodam
936 2342 1061 2398 manso,
1085 2342 1144 2407 per
1167 2341 1228 2386 noe
1260 2326 1459 2399 constructo,

404 2443 446 2486 ex
480 2424 574 2505 parte
605 2418 744 2485 australi
777 2421 924 2506 ejusdem
962 2428 1085 2487 nostrae
1124 2421 1278 2487 Ecclesiae
1315 2423 1460 2501 situato;

405 2543 506 2607 quam
544 2522 788 2587 habitationem
826 2524 862 2587 in
901 2524 1054 2589 omnibus
1087 2525 1199 2601 muris,
1229 2524 1393 2601 domibus,
1423 2530 1459 2587 et

404 2624 553 2690 aedificiis
575 2623 772 2710 dispositam
794 2624 867 2690 fieri
891 2625 1037 2705 fecimus,
1060 2626 1101 2691 de
1136 2646 1298 2692 consensu
1321 2626 1459 2692 dilecto-

407 2749 481 2791 rum
513 2727 549 2790 in
585 2725 718 2792 Christo
740 2727 884 2792 filiorum
917 2728 1039 2793 Prioris
1062 2734 1096 2794 et
1120 2728 1270 2814 Capituli
1303 2728 1457 2793 Ecclesiae

403 2835 524 2894 nostrae
548 2827 796 2894 Oautuariensis
810 2829 1024 2916 omniumque
1040 2836 1075 2895 et
1096 2831 1302 2917 singulorum
1318 2853 1456 2919 quorum

404 2933 552 3008 interest,
583 2932 808 2998 continentem
840 2933 875 2997 in
909 2931 1118 3020 longitudine
1149 2934 1331 3020 octoginta,
1353 2941 1388 3000 et
1419 2934 1454 2998 in

404 3035 583 3100 latitudine
618 3033 794 3120 sexaginta
826 3034 926 3120 pedes
959 3041 1171 3100 mensuratos.
1242 3035 1287 3101 Et
1309 3035 1397 3122 quod
1421 3037 1456 3100 iu

403 3137 511 3200 missis
544 3135 614 3200 suis
645 3141 720 3220 post
762 3134 930 3200 decessum
964 3140 1115 3202 nostrum
1150 3136 1235 3203 hauc
1268 3137 1456 3202 collectam:

403 3238 497 3304 Deua
534 3237 597 3324 qai
634 3235 729 3301 irater
765 3237 963 3323 apostolicos
1000 3238 1193 3314 sacam,
1232 3245 1292 3305 etc
1320 3239 1454 3305 omniuo

403 3340 524 3417 dicant,
556 3360 617 3404 neo
649 3360 721 3404 eam
754 3338 922 3403 ullatenus
957 3339 1117 3404 omittant
1155 3360 1214 3404 seu
1245 3345 1454 3426 praetereant.

403 3442 510 3507 Item:
533 3440 699 3517 volumus,
712 3439 901 3515 statuimus,
919 3448 953 3506 et
968 3440 1168 3516 ordinamus,
1184 3441 1273 3526 quod
1288 3440 1456 3526 praefeetio

402 3565 460 3610 seu
496 3541 629 3609 collatio
661 3540 826 3605 dictorum
851 3541 992 3606 duorum
1016 3540 1271 3627 Capelianorum
1295 3542 1332 3605 in
1355 3547 1390 3606 et
1411 3543 1456 3608 ad

400 3647 595 3734 praedictam
627 3643 810 3710 materiam
845 3649 1001 3720 nostram,
1024 3665 1082 3710 seu
1105 3665 1218 3709 eorum
1241 3643 1388 3722 alterius,
1420 3646 1455 3709 in

402 3769 469 3832 qua
492 3746 628 3811 dilectos
651 3745 688 3808 in
710 3744 844 3810 Christo
867 3745 953 3809 filios
974 3746 1134 3810 Dominos
1150 3745 1339 3810 Johaunem
1359 3745 1454 3832 Bady

403 3846 645 3926 Bathoniensis,
667 3852 701 3911 et
724 3844 929 3911 Willelmum
960 3848 1110 3912 Askham
1135 3846 1350 3912 Eboraoensis
1372 3848 1454 3912 dioe-

401 3950 535 4024 cesium,
579 3946 775 4034 capellanos
828 3948 892 4014 hec
930 3948 1038 4034 prima
1069 3950 1141 4014 vioe
1186 3955 1364 4034 perpetuos
1402 3950 1454 4012 iu·

401 4051 573 4116 stituimus
595 4055 630 4114 et
651 4049 869 4134 praefecimus,
900 4050 1053 4136 quotiens
1092 4051 1230 4115 eandem
1271 4052 1453 4116 cantariam

401 4176 520 4220 vacare
546 4152 733 4238 eontigerit,
751 4152 793 4216 ad
828 4173 889 4218 nos
923 4152 1002 4217 dum
1037 4153 1234 4239 superstites
1265 4154 1395 4230 erimus
1420 4161 1456 4220 et

401 4258 445 4323 ad
468 4259 596 4320 nostros
618 4275 815 4321 successores
838 4255 895 4339 qui
919 4276 978 4340 pro
1001 4259 1145 4341 tempore
1168 4255 1304 4337 fuerint,
1328 4263 1455 4344 spectet

403 4366 439 4426 et
470 4358 657 4446 pertineat;
688 4357 737 4422 ita
761 4355 850 4442 quod
883 4356 979 4421 nobis
1002 4362 1036 4421 et
1060 4357 1301 4422 successoribus
1323 4360 1454 4435 nostris,

403 4463 491 4528 infra
514 4481 658 4526 mensem
681 4481 702 4523 a
723 4464 872 4543 tempore
905 4463 995 4523 notae
1028 4458 1219 4534 vacationis,
1242 4459 1270 4522 si
1294 4457 1454 4524 fuerimus

402 4588 463 4631 nos
485 4586 542 4628 seu
565 4562 691 4626 fuerint
713 4561 795 4625 dicti
818 4580 1018 4624 successores
1034 4560 1140 4624 nostri
1157 4559 1214 4644 qui
1231 4580 1289 4645 pro
1305 4565 1452 4644 tempom

402 4669 530 4732 fuerint
568 4667 602 4728 in
636 4662 811 4727 Provincia
847 4660 1079 4726 Oantuariensi
1114 4682 1170 4724 seu
1204 4659 1291 4725 infra
1314 4681 1450 4746 regnum
