3350 5800
444 747 508 815 294
895 765 1029 815 struem

442 958 501 1028 est,
516 974 554 1017 ec
576 974 666 1021 nune
688 954 827 1019 eandem
844 955 935 1020 illius
949 956 1134 1022 amicitiam
1156 957 1199 1021 ad
1221 956 1323 1041 hujus
1340 955 1494 1021 Ecclesiae

443 1054 649 1119 commodum
673 1061 723 1121 est
746 1062 913 1142 expertus.
968 1057 1049 1122 Ideo
1072 1079 1185 1123 omnes
1207 1057 1360 1124 monachi
1385 1057 1494 1122 Eccle-

443 1154 501 1220 siae
537 1155 673 1231 Christi,
708 1164 887 1242 presentes
921 1159 1047 1245 pariter
1083 1181 1122 1225 ac
1160 1159 1276 1237 futuri,
1309 1180 1371 1245 pro
1409 1158 1495 1223 bono

443 1262 534 1321 stetu
565 1258 647 1323 dicti
670 1257 822 1345 Magistri
846 1259 982 1326 Thomae
1004 1261 1157 1347 Langton
1188 1260 1269 1325 dum
1298 1260 1437 1335 vixerit,
1458 1265 1493 1323 et

441 1364 518 1444 post
552 1364 690 1425 mortem
725 1382 783 1446 pro
815 1361 906 1426 illius
938 1362 1051 1427 anima
1083 1362 1203 1427 merito
1225 1361 1335 1427 Deum
1360 1382 1494 1447 erogare

441 1460 571 1526 debent

308 1702 394 1819 {4153
444 1701 735 1767 lusu-Lumen
765 1702 1037 1768 Aeonmersoom
1069 1718 1171 1768 eusss
1204 1702 1424 1777 Couvrsrur,
1446 1718 1494 1765 rm

382 1806 388 1819 '
529 1818 824 1869 cousnuneunuu
872 1820 1167 1869 sereormsmosr
1220 1820 1394 1868 nocemus:
1451 1820 1495 1866 or

530 1904 768 1971 ersrsmn.

272 2043 393 2095 tle-2⁸³⁰
485 2042 627 2110 Thomas
660 2047 874 2112 miseratione
909 2046 1028 2111 divina
1049 2046 1145 2111 tituli
1172 2046 1287 2111 Sancti
1311 2044 1467 2111 Oiriaci'
1457 2065 1494 2107 m

266 2119 419 2251 ’ἃμ
439 2144 589 2211 Thermis
622 2146 846 2214 Secrosanctae
870 2148 1028 2213 Romanae
1052 2147 1207 2213 Ecclesiae
1223 2148 1409 2233 Prisbyter-
1411 2144 1494 2212 Car·

272 2252 388 2306 alethe
439 2246 568 2325 dinalis,
607 2252 666 2315 etc.
712 2248 843 2315 dilectis
880 2249 1024 2315 nobis
1014 2272 1050 2313 m
1094 2248 1229 2315 Christo
1266 2249 1345 2313 filiis
1384 2248 1493 2313 Priori

271 2318 422 2438 ἓᾯξῃᾞῑξ
439 2347 592 2416 Ecclesiae
623 2356 699 2415 nost
700 2372 746 2417 ree
770 2352 1034 2469 metropolitanae
1065 2351 1324 2429 Cantuarieneis,
1348 2356 1385 2416 et
1405 2350 1494 2436 ejus·

271 2450 417 2569 mithres>
438 2450 513 2517 dem
548 2452 610 2518 loci
643 2454 829 2521 Oonveut’
780 2458 832 2519 tui
864 2455 936 2519 sive
968 2454 1134 2540 Capitulo,
1159 2454 1309 2530 salutem,
1333 2458 1394 2518 etc.
1440 2453 1493 2515 Ex

270 2532 380 2634 priapi
438 2558 531 2641 perte
555 2554 756 2641 Magistri
731 2578 801 2621 srva
817 2556 982 2634 Custodis,
995 2557 1274 2673 presbyterorum,
1289 2555 1494 2631 clericorum,

269 2650 354 2703 ΟΜΝ
310 2654 472 2721 ¹¹⁰th⁰fe
518 2656 736 2721 choristemm
785 2658 926 2745 Collegii
979 2660 1050 2725 eive
1105 2658 1258 2724 Ecclesiae
1306 2657 1492 2742 collegiatus

268 2720 424 2842 fflm'ffl‘
439 2756 570 2823 Sanctoe
608 2758 784 2825 Trinitatis
822 2759 863 2825 de
902 2760 1010 2846 Plecy,
1049 2761 1085 2825 in
1124 2760 1295 2825 Comitatu
1334 2758 1493 2833 Essexiae,

271 2858 345 2908 ⁰¹¹¹
357 2858 387 2909 οἵ
437 2857 674 2926 londoniensis
698 2860 856 2939 dioecesis,
879 2869 1096 2948 patronorum
1127 2861 1271 2927 ccolesiae
1294 2859 1492 2946 parochialis

268 2925 373 3042 Qu
437 2961 477 3026 de
508 2961 720 3049 Whitstaple,
752 2971 876 3030 nostrae
917 2965 1167 3031 Cantuariensia
1205 2963 1363 3040 dioecesis,
1395 2962 1491 3027 nobis

268 3056 419 3175 {Qum
360 3065 401 3110 Ψ
436 3069 536 3134 extiti
573 3063 774 3151 jampridem
806 3067 1004 3182 expositum,
1038 3065 1127 3151 quod
1150 3065 1316 3150 quondam
1348 3063 1491 3128 illustris

268 3141 423 3260 ctrlmi'y
402 3141 592 3253 Princeps
624 3173 659 3232 et
691 3167 816 3232 inclitae
841 3167 1008 3233 memoris
1041 3166 1185 3232 Thomas
1208 3165 1381 3246 Wodstok,
1409 3165 1491 3230 Dux

267 3279 292 3314 ¹¹¹
305 3268 395 3317 Effl-
437 3269 632 3346 Glovernim
656 3267 773 3334 Comes
797 3269 943 3333 Essemae
976 3274 1011 3333 et
1035 3268 1313 3353 Bukynghamiae,
1335 3288 1374 3332 ac
1396 3267 1492 3354 Mag-

435 3395 499 3438 nus
523 3369 796 3438 Constabularius
832 3369 973 3456 Angliee,
1009 3370 1052 3435 ed
1084 3370 1251 3447 honorem,
1283 3369 1432 3454 gloriam,
1455 3377 1492 3434 et

435 3475 567 3540 laudem
599 3471 745 3540 Summae
777 3477 812 3536 et
847 3470 1037 3536 Indiuiduae
1069 3471 1252 3548 immtatis,
1283 3471 1491 3538 Beatissimae

435 3575 583 3663 Virginis
607 3574 729 3649 Marisa,
745 3573 889 3639 Gloriosi
912 3573 1073 3658 Martyris
1088 3573 1223 3638 Thomae
1239 3572 1491 3639 Cantuariensis

435 3676 585 3763 specialis
608 3674 739 3762 patroni
755 3678 790 3739 et
804 3674 958 3739 advocati
974 3674 1036 3752 sui,
1053 3675 1265 3760 omniumque
1281 3673 1490 3752 Sanctorum,

435 3785 470 3844 et
492 3778 600 3843 divini
632 3775 742 3844 cultus
764 3780 991 3862 augmentum,
1013 3797 1074 3861 pro
1104 3797 1164 3842 suo
1186 3782 1221 3840 et
1251 3774 1489 3841 nonnullorum

434 3881 575 3948 aliorum
597 3879 794 3966 principum,
817 3877 859 3942 de
882 3877 1004 3965 quibus
1027 3880 1064 3943 in
1086 3880 1202 3944 eadem
1225 3877 1425 3944 fundatione
1449 3879 1491 3944 fit

434 3983 569 4060 mentio,
604 3980 729 4047 salubri
773 3993 864 4045 statu
911 3979 990 4044 dum
1027 3980 1190 4056 viverent,
1234 3986 1270 4045 et
1300 3981 1490 4046 animarum

434 4084 612 4152 eorundem
644 4105 682 4148 ao
714 4081 863 4147 omnium
902 4080 1048 4147 fidelium
1087 4082 1200 4167 requie
1237 4087 1414 4167 postquam
1444 4083 1490 4148 sb

434 4190 495 4255 hac
529 4187 600 4252 luce
645 4183 850 4260 decederent,
889 4183 1066 4268 praefetum
1104 4183 1289 4269 Collegium
1327 4183 1489 4249 catholice

432 4290 598 4365 fundavit,
630 4285 745 4364 erexit,
769 4291 804 4351 et
838 4285 1024 4364 stabilivit;
1056 4286 1092 4349 in
1125 4285 1306 4370 eodemque
1329 4283 1488 4372 collegio,

432 4417 491 4482 pro
514 4391 680 4482 perpetuis
703 4389 824 4453 futuris
847 4389 1063 4475 temporibus,
1088 4388 1257 4453 ordinavit
1278 4393 1314 4454 et
1336 4387 1489 4454 instituit

432 4517 551 4560 novem
585 4493 657 4558 fore
690 4491 810 4556 debere
833 4490 1042 4576 presbyteros
1076 4494 1260 4575 perpetuos,
1287 4510 1330 4554 ex
1364 4489 1487 4574 quibus

432 4619 550 4662 novem
574 4593 777 4682 presbyteris
793 4613 899 4656 unum
926 4593 1060 4677 quidem
1083 4591 1191 4656 voluit
1214 4590 1488 4669 Gubernatorem,

434 4699 622 4774 Custodem,
655 4697 725 4760 sive
760 4694 955 4780 Magistrum
980 4695 1141 4774 vocitari,
1179 4699 1214 4758 et
1250 4693 1340 4757 ultra
1371 4689 1487 4780 hujus-
