3350 5800
422 790 483 855 136
883 802 1017 851 munus

419 988 519 1067 sione,
541 989 753 1077 adjungatur.
799 988 981 1055 Praemissis
1004 1008 1136 1074 quoque
1158 988 1337 1053 statuendo
1359 984 1473 1071 adjici·

419 1110 501 1167 mus,
525 1091 614 1177 quod
649 1092 809 1158 Priorissa
841 1090 924 1157 dicti
961 1089 1137 1176 hospitalis
1169 1090 1264 1155 nullu
1287 1088 1474 1156 communia

418 1194 554 1279 negotia
598 1194 723 1279 absque
769 1214 933 1259 consensu
979 1191 1131 1271 fratrum,
1161 1191 1190 1255 si
1229 1192 1286 1277 qni
1324 1192 1402 1266 sint,
1440 1194 1474 1253 et

419 1292 553 1379 majoris
590 1294 697 1381 partis
735 1315 883 1359 sororum
921 1293 1003 1360 dicti
1041 1292 1216 1379 hospitalis
1254 1290 1385 1357 diffinat
1416 1312 1472 1355 seu

419 1396 594 1481 expediat3
631 1396 804 1483 nullasque
838 1396 974 1483 penitus
996 1394 1097 1461 faeiat
1119 1394 1206 1460 cirea
1228 1394 1472 1481 reputacionem

419 1496 500 1562 dieti
538 1496 711 1585 hospitalis
749 1502 809 1563 aut
841 1498 1014 1562 domorum
1051 1517 1333 1581 quarumcumque
1367 1493 1473 1559 eidem

418 1597 575 1684 hospitali
599 1599 836 1685 pe1tinsntium
859 1618 1021 1684 expensas
1044 1596 1267 1683 voluptuosas,
1289 1618 1351 1662 neo
1373 1596 1475 1661 etiam

419 1698 519 1764 utiles
542 1699 597 1765 vel
630 1700 827 1766 necessarias
859 1701 946 1766 eirea
979 1720 1042 1775 eas,
1066 1718 1141 1784 quse
1164 1720 1328 1763 summam
1351 1696 1474 1783 viginti

419 1800 598 1867 solidorum
635 1803 672 1867 in
709 1823 798 1867 anno
833 1802 1010 1881 excedunt,
1044 1800 1116 1866 sine
1150 1821 1309 1866 consensu
1331 1800 1474 1865 fratrum

419 1902 593 1991 hospitalis
616 1904 961 1992 saepenominatorum
984 1904 1094 1989 siqui
1117 1902 1253 1981 fuerint,
1276 1908 1311 1969 et
1326 1924 1474 1968 sororum

419 2012 479 2071 sut
501 2006 634 2092 majoris
666 2008 773 2093 partis
797 2007 985 2072 earundem.
1040 2004 1222 2071 Praemissis
1244 2025 1375 2090 quoque
1397 2005 1475 2069 sub-

417 2106 574 2191 jiciendo,
613 2109 701 2195 quod
740 2107 902 2174 Priorissa
932 2108 1013 2173 dieti
1043 2106 1226 2193 hospitalis,
1249 2128 1325 2193 quae
1354 2112 1405 2172 est
1439 2112 1474 2171 et

418 2228 493 2293 quae
525 2208 590 2272 erit
623 2229 684 2293 pro
718 2214 874 2295 tempore,
898 2209 1007 2275 nullos
1040 2208 1129 2272 infra
1159 2212 1254 2293 septa
1285 2208 1367 2275 dicti
1398 2208 1473 2273 hos-

417 2307 531 2395 pitalis
568 2308 867 2395 perhendinatmns
905 2311 975 2376 sive
1009 2316 1194 2375 moraturos
1223 2310 1371 2397 resipiat,
1402 2312 1475 2377 sine

417 2432 577 2476 consensu
600 2433 748 2477 sororum
772 2435 918 2491 suarum,
931 2413 986 2479 vel
1002 2412 1137 2498 majoris
1151 2412 1257 2497 partis
1273 2412 1473 2492 earundem,¹

418 2516 453 2576 et
474 2510 615 2578 lieentia
646 2519 762 2579 nostra
785 2521 820 2579 et
852 2536 1075 2581 successorum
1097 2518 1287 2577 nostrorum
1309 2517 1473 2600 potitust

353 2598 358 2608 ¹
417 2618 563 2699 optenta.
611 2612 766 2681 Ceterum
791 2617 871 2702 quia
904 2618 1124 2704 comperimus
1156 2615 1318 2681 nonnulla
1339 2618 1471 2682 ordina-

417 2714 535 2793 ciones,
572 2717 780 2796 monitiones,
819 2726 855 2784 et
886 2720 1015 2784 monita
1052 2717 1214 2784 salutaria
1251 2738 1310 2804 per
1346 2719 1471 2806 praede·

416 2838 557 2883 cessores
603 2824 739 2898 nostros,
771 2820 807 2883 in
845 2821 992 2907 ipsorum
1031 2819 1280 2886 visitationibus
1311 2821 1349 2886 in
1382 2821 1471 2888 dieto

415 2921 573 3006 hospitali
609 2923 771 3002 exercitis,
804 2924 894 2991 faeta
926 2925 1029 2992 finisse
1064 2932 1099 2993 et
1122 2948 1212 3006 esse3
1244 2947 1305 2992 nos
1338 2931 1409 2993 tam
1432 2949 1472 2992 ea

421 3046 522 3110 qnam
545 3024 647 3090 etiam
670 3024 742 3092 haeo
756 3032 871 3092 nostra
894 3033 1024 3093 statuta
1038 3033 1073 3095 et
1089 3031 1322 3109 ordinationes,
1337 3053 1398 3118 per
1412 3052 1471 3096 vos

415 3125 535 3210 quibus
558 3130 735 3211 praesentes
758 3133 880 3195 nostrae
911 3128 1104 3217 diriguntur
1134 3135 1257 3201 litterae
1289 3155 1328 3200 ao
1358 3155 1472 3218 quem·

414 3226 499 3291 libet
537 3233 694 3306 vestrum,
735 3231 796 3296 snb
828 3231 962 3317 majoris
993 3237 1343 3304 excommunicationis
1373 3257 1472 3320 poena

414 3328 610 3394 mandamus
644 3330 886 3398 inviolabiliter
921 3335 1097 3400 observari„
1143 3337 1302 3404 Voluntas
1336 3339 1472 3425 insuper

415 3435 484 3496 tam
508 3433 781 3519 predecessorum
806 3439 994 3501 nostrorum
1009 3437 1244 3518 ordinationes,
1260 3440 1471 3517 monitiones,

415 3537 450 3596 at
481 3533 616 3611 monita,
638 3555 738 3618 qnam
773 3535 875 3600 etiam
909 3543 1023 3603 nostra
1054 3544 1255 3630 praescripta,
1278 3543 1342 3608 snb
1371 3563 1472 3628 poena

414 3633 647 3700 inobedientia
682 3641 716 3700 et
738 3641 957 3723 contemptus,
980 3641 1088 3706 sexies
1121 3644 1158 3708 in
1190 3664 1289 3722 anno,
1312 3644 1471 3730 tempori-

416 3733 475 3797 bus
499 3735 716 3822 interpolatis,
739 3739 870 3824 publiee
893 3762 1003 3807 noram
1026 3744 1132 3822 vobis,
1147 3746 1185 3810 in
1210 3747 1310 3812 domo
1333 3745 1396 3812 illa
1411 3746 1470 3810 ubi

413 3832 536 3898 librum
573 3839 760 3904 orationum
798 3847 985 3908 vestrarum
1030 3846 1172 3932 singulis
1211 3848 1328 3914 diebus
1361 3848 1469 3936 legere

413 3933 534 4012 8019ῧῆ
559 3935 624 4023 legi
647 3945 747 4025 atque
779 3942 815 4008 in
839 3943 970 4031 vulgari
1006 3947 1109 4014 etiam
1128 3950 1262 4036 exponi,
1285 3951 1348 4016 sub
1370 3972 1469 4036 poena

416 4032 566 4117 proxime
620 4041 770 4124 superius
815 4050 986 4112 annotata.
1032 4047 1075 4111 In
1128 4072 1268 4135 quorum
1321 4051 1470 4117 omnium

414 4132 650 4200 testimonium.
676 4144 734 4204 eto.
793 4142 881 4224 Dat,
904 4151 965 4212 ete
989 4147 1116 4216 decimo
1131 4156 1250 4218 octavo
1272 4152 1326 4218 die
1349 4155 1470 4219 mensis

415 4233 587 4303 Februarii
610 4260 698 4306 anno
722 4242 860 4309 Domini
884 4247 1175 4321 nosocomum.

820 4509 827 4540 ¹
840 4509 980 4575 eorundem,
993 4514 1049 4566 MS.
