3350 5800
421 884 486 948 290
843 897 978 947 errans

424 1090 556 1151 aetatem
581 1087 641 1151 tali
665 1087 770 1163 modo,
794 1087 888 1171 quasi
922 1086 1054 1163 casuali,
1077 1087 1247 1173 perierint,
1270 1088 1348 1152 talis
1372 1086 1482 1172 qualis

424 1209 513 1253 nuno
536 1188 684 1253 usitandi
707 1189 825 1253 modus
849 1188 886 1252 in
908 1187 1136 1273 solempnibus
1166 1188 1380 1273 poenitentiis
1403 1209 1477 1253 eon·

423 1290 575 1355 tinuatns
598 1290 675 1369 suit,
698 1296 733 1355 et
755 1290 881 1354 nullius
903 1290 1121 1375 praecedentis
1153 1290 1258 1375 patris
1280 1289 1480 1354 auctoritaie

423 1398 573 1457 mutatos
585 1416 593 1471 ;
630 1414 695 1456 non
736 1392 824 1457 enim
864 1392 1018 1477 congruit
1052 1391 1232 1456 secularem
1278 1398 1480 1476 potestatem

423 1494 657 1560 ecclesiasticas
696 1494 924 1559 ordinationes
970 1493 1172 1569 subvertere,
1211 1494 1357 1560 maxime
1403 1514 1480 1558 curn

424 1596 570 1661 Ecclesia
592 1598 628 1660 in
651 1596 819 1683 puniendo
835 1595 962 1659 nullius
977 1594 1174 1681 rapacitatis
1190 1595 1318 1679 potitur
1334 1615 1478 1681 genere;

422 1698 480 1761 sed
519 1698 671 1763 meminit
710 1696 906 1782 Apostolum
947 1696 1186 1761 discernentem
1225 1697 1389 1783 pietatem
1434 1696 1478 1761 ad

422 1804 534 1868 omnia
565 1824 635 1867 esse
670 1802 797 1877 utilem,
821 1801 959 1887 proinde
991 1802 1027 1866 in
1059 1802 1130 1866 suis
1162 1802 1400 1887 punitionibus
1436 1823 1479 1865 ex

423 1903 602 1970 visceribus
625 1905 760 1969 sincerae
776 1904 921 1989 pietatis,
933 1902 1034 1987 justae
1057 1904 1160 1969 etiarn
1183 1910 1218 1969 et
1233 1910 1333 1969 rectae
1350 1905 1478 1969 severi·

422 2007 503 2071 tatis
525 2006 651 2078 alacris.
676 2006 920 2081 inisericordiae,
942 2027 1081 2070 summae
1112 2006 1330 2092 benignitatis
1354 2012 1389 2071 et
1412 2007 1478 2070 cle·

421 2108 568 2186 meneiee,
592 2109 675 2173 solet
691 2108 872 2195 procedere.
918 2107 1041 2171 Volens
1064 2109 1163 2172 etiam
1180 2108 1344 2172 Dominus
1360 2107 1478 2171 Archi-

420 2211 600 2295 episeopus,
615 2211 668 2273 cui
692 2232 732 2274 ex
756 2208 862 2274 oflicio
878 2208 1042 2296 incumbit
1065 2209 1146 2272 talia
1169 2215 1280 2273 errata
1305 2208 1478 2294 corrigere,

421 2311 513 2375 misit
537 2312 722 2389 citationes,
747 2316 781 2375 et
804 2311 854 2373 illi
886 2310 981 2375 citati
1004 2311 1112 2395 primo
1135 2311 1177 2375 ad
1201 2311 1476 2375 Poenitentiarios

421 2434 479 2493 pro
503 2412 638 2477 consilio
670 2412 813 2497 petendo
849 2411 1064 2477 Cantuariam
1099 2418 1273 2487 venerunt,
1297 2417 1333 2476 et
1365 2412 1476 2476 Poeni-

420 2514 580 2590 tentiarii,
605 2515 646 2579 de
669 2519 761 2579 statu
792 2514 978 2579 animarum
1001 2514 1166 2599 praecipue
1197 2519 1359 2590 curantes,
1384 2520 1476 2577 retu-

419 2615 530 2680 lerunt
546 2617 592 2680 eis
615 2617 656 2681 de
680 2616 875 2681 necessitate
898 2614 967 2679 lore
982 2616 1098 2701 primo,
1114 2616 1202 2700 quod
1227 2615 1474 2681 restitutionem

419 2719 612 2805 parentibus
635 2719 676 2782 de
700 2718 843 2804 acceptis
865 2718 1014 2803 pecuniis
1036 2718 1190 2793 facerent,
1205 2718 1303 2783 etsie
1320 2722 1475 2804 parentes

418 2821 460 2885 ad
485 2820 661 2885 Ecclesiam
693 2820 785 2905 juste
820 2820 976 2898 restituti,
1000 2821 1044 2885 ad
1067 2820 1201 2885 libitum
1233 2825 1267 2884 et
1298 2820 1475 2885 arbitrium

420 2924 553 2988 Domini
590 2921 847 3010 Archiepiscopi,
881 2923 935 2988 vel
973 2924 1270 2988 considerationem
1304 2922 1476 2988 Poeniten·

422 3025 594 3089 tiariorum
635 3025 714 3111 ejus,
752 3045 898 3112 congruo
935 3024 978 3088 ab
1017 3025 1064 3089 eis
1111 3025 1271 3111 disposito
1317 3031 1474 3108 ternpore,

419 3126 621 3212 solempnem
644 3126 697 3191 vel
721 3126 867 3212 aliquam
892 3127 990 3190 aliam
1007 3127 1240 3211 poenitentiam
1259 3124 1473 3210 complerent.

419 3227 521 3305 Tunc,
536 3229 658 3313 seipsos
682 3228 764 3293 satis
780 3249 904 3293 errasse
919 3228 1174 3304 considerantes,
1190 3227 1346 3312 pecunias
1361 3229 1474 3292 minus

413 3329 504 3413 juste
528 3335 677 3416 acceptas
701 3330 881 3414 unicuique
903 3335 1081 3414 parentum
1112 3330 1340 3406 restituerunt,
1364 3335 1407 3405 et,
1430 3330 1474 3394 ad

418 3431 679 3496 obsecrationem
703 3430 1033 3496 Poenitentiariorum
1056 3431 1138 3517 ejus,
1162 3431 1328 3497 Dominus
1350 3431 1472 3494 Archi-

417 3535 589 3619 episcopus
613 3554 653 3597 ex
686 3555 807 3619 magna
839 3532 1072 3598 benevolentia
1095 3537 1130 3597 et
1165 3531 1328 3617 singulari
1350 3533 1473 3618 gratia,

417 3633 609 3700 absolvendi
633 3632 807 3720 specialem
831 3634 1095 3698 commissionem
1118 3633 1189 3697 suis
1208 3632 1475 3698 Poenitentiariis

415 3735 610 3821 inscriptam
634 3735 747 3815 misit3
780 3739 815 3798 et
849 3735 897 3799 sic
927 3755 1014 3799 unus
1049 3734 1092 3799 ab
1115 3735 1229 3812 altero,
1253 3740 1288 3799 et
1319 3734 1405 3799 alius
1428 3735 1474 3800 ab

415 3836 481 3901 alio
497 3836 834 3914 Poenitentiariorum‚
854 3837 985 3922 plenam
1008 3835 1260 3913 absolutionem,
1276 3837 1313 3900 in
1336 3837 1475 3922 capellis

415 3937 510 4002 Beati
535 3938 705 4004 Michaelis
728 3937 937 4023 Archangeli,
961 3943 996 4002 et
1019 3937 1213 4002 Sanctorum
1245 3938 1475 4004 Bartholomei

414 4043 449 4104 et
471 4039 607 4104 Thomas
618 4039 866 4125 ¹Apostolorum,
890 4044 925 4104 et
947 4039 1062 4104 Sancti
1092 4039 1275 4104 Clementis
1299 4039 1476 4125 Martyris,

413 4145 615 4226 receperunt,
639 4141 790 4226 praestito
824 4140 982 4226 primitus
1004 4141 1039 4204 in
1072 4140 1137 4205 fide
1154 4140 1347 4224 juramento
1370 4163 1477 4226 super

412 4241 477 4307 Dei
502 4241 695 4327 Ewangelia
727 4242 866 4326 parendi
889 4242 930 4306 de
952 4247 1062 4307 cetero
1080 4240 1218 4323 juribus
1246 4241 1411 4319 Ecclesiae,
1433 4250 1478 4308 et

413 4364 479 4406 non
502 4343 656 4427 amplius,
679 4364 738 4429 per
761 4365 795 4407 ss
819 4343 872 4406 vel
905 4364 962 4428 per
992 4342 1084 4420 alios,
1108 4343 1179 4428 ejus
1198 4343 1476 4427 jurisdictionem

413 4444 593 4530 infringere
617 4448 675 4508 aut
698 4444 815 4508 violari
846 4443 1085 4529 promittentes.
1143 4444 1253 4528 Hujus
1285 4444 1333 4508 rei
1365 4449 1477 4511 testes

414 4551 502 4622 sunt,
525 4546 578 4611 vir
606 4545 785 4610 benevolus
819 4545 979 4630 Magister
1009 4546 1170 4610 Ricardus
1197 4544 1349 4626 Thomas,
1373 4547 1478 4612 Juris

414 4648 613 4728 Baoalarius,
629 4648 778 4712 sacerdos
801 4648 949 4724 devotus,
975 4647 1130 4712 Edwardi
1162 4646 1324 4732 Principis
1348 4647 1479 4732 Capel-
