3350 5800
593 894 887 944 circumtusus.
1224 882 1267 949 77

202 1074 354 1144 habeant
376 1082 412 1143 et
434 1084 573 1144 teneant
608 1079 644 1143 in
675 1078 779 1144 libere
812 1084 848 1145 et
879 1086 1041 1166 perpetua
1074 1082 1253 1148 elemosina

204 1178 296 1244 sicut
327 1181 654 1265 praedeterminatnm
688 1186 747 1257 est,
770 1182 864 1259 bene,
895 1188 930 1247 et
964 1184 998 1247 in
1030 1205 1119 1269 poce,
1151 1183 1262 1261 libere,

206 1284 243 1343 et
265 1281 386 1365 quiete,
408 1282 546 1369 integre,
568 1288 603 1349 et
633 1283 789 1368 plenarie,
811 1286 847 1347 et
869 1282 1057 1361 honorifice,
1080 1306 1156 1349 cum
1190 1306 1260 1351 om·

206 1383 308 1447 nibus
355 1385 570 1469 pertinenciis
619 1386 697 1462 suis,
735 1392 769 1449 et
809 1384 1032 1463 libertatibus,
1072 1393 1107 1453 et
1148 1388 1263 1453 liberis

207 1486 503 1552 consuetudinibus
525 1488 602 1553 suis.
652 1484 727 1552 Hiis
750 1487 902 1564 testibus,
920 1494 979 1553 etc.

213 1770 421 1841 .9l3.—Dn
445 1769 638 1835 Hosmram
661 1772 789 1837 senen
811 1770 941 1837 Jaconr
965 1786 1080 1837 uxrna
1104 1772 1241 1838 Omnn-
1286 1794 1321 1855 (ε,
1336 1793 1425 1853 1195.)

679 1889 799 1939 ᾸΒῘᾸΜ·
1276 1858 1428 1991 iirntldteessdg.

257 2031 429 2110 Omnibus,
452 2038 512 2099 etc.
537 2033 738 2119 Golfridus)
761 2032 855 2099 Prior
878 2040 912 2099 et
935 2033 1128 2100 Conventus
1153 2034 1262 2101 Eccle·
1276 1994 1406 2135 ἓῗὲδοέ

210 2134 270 2200 sice
291 2133 418 2199 Christi
442 2133 694 2200 Oentuan'ensis
716 2134 752 2198 in
776 2134 920 2200 Domino
943 2135 1093 2202 salutem.
1142 2136 1264 2203 Sciatis
1277 2189 1334 2241 'rae
1346 2190 1434 2255 chap-

212 2237 310 2321 qnod‚
333 2236 461 2301 intuitu
483 2238 633 2303 caritatis
655 2242 690 2303 et
721 2238 867 2323 pietatis,
892 2238 933 2303 de
956 2260 1117 2305 consensu
1148 2245 1183 2305 et
1205 2261 1263 2304 vo·
1276 2263 1316 2306 ter
1327 2257 1418 2324 taking

210 2335 342 2402 luntcte
364 2337 502 2402 Domini
535 2339 641 2403 nostri
672 2339 848 2423 H(uberti)
872 2339 1129 2426 Arcbiepiscopi,
1153 2345 1187 2405 et
1220 2322 1402 2405 adnorave-

210 2440 409 2525 peticionem
446 2440 598 2525 Magistri
631 2440 772 2504 Firmini
808 2439 968 2505 Custodis
998 2440 1124 2507 Domus
1148 2441 1263 2507 Sancti
1277 2390 1434 2507 diffidens

210 2540 328 2607 Jacobi
363 2545 459 2605 extra
481 2540 705 2617 Oantuariem,
729 2542 913 2626 recepimus
946 2542 982 2605 in
1014 2542 1198 2610 custodium
1230 2551 1265 2609 et
1277 2522 1406 2636 numm*

210 2644 449 2730 protectionem
471 2646 619 2707 nostram
641 2642 838 2727 praedictum
854 2642 999 2707 Domum
1016 2644 1132 2710 Sancti
1147 2646 1263 2712 Jecobi
1276 2653 1395 2731 ‘Smin-

212 2751 309 2810 extra
323 2743 539 2811 Cantuan‘am
555 2743 663 2807 sitam.
714 2742 754 2806 uc
768 2743 957 2809 tenebimus
972 2745 1009 2809 in
1025 2745 1138 2811 eadem
1154 2747 1262 2813 Domo
1275 2720 1383 2836 {ww

212 2868 340 2935 semper
362 2852 430 2912 tres
452 2845 644 2922 sacerdotes,
661 2866 719 2932 per
741 2866 801 2910 nos
824 2845 1064 2926 instituendos,
1088 2848 1146 2934 qui
1161 2856 1260 2914 erunt
1275 2852 1429 2985 lm?

211 2948 348 3036 professi
371 2949 407 3010 in
430 2944 546 3012 cedem
576 2946 738 3032 praedicta
760 2946 868 3012 Domo
891 2946 927 3011 in
950 2949 1059 3013 forme
1082 2955 1116 3014 et
1138 2925 1289 3034 habitu}

210 3049 400 3137 religionis;
430 3068 569 3132 quorum
593 3068 679 3110 unus
702 3047 823 3112 cotidie
854 3048 1033 3114 celebrabit
1063 3050 1197 3116 missum
1220 3052 1409 3116 def⁰rwh⁰⁸⁶

213 3151 317 3217 sen
339 3151 487 3235 virgine,
521 3148 608 3212 alsus
642 3149 793 3213 ennon
822 3148 989 3234 nucum
1020 3171 1081 3236 pro
1112 3151 1260 3218 unam.
1274 3118 1424 3248 effigie

213 3254 340 3320 toribus
371 3252 519 3338 ejusdem
553 3251 691 3328 Domus,
713 3250 777 3336 [et]
812 3252 934 3317 tercius
969 3253 1057 3320 dicet
1090 3275 1262 3320 commune
1275 3265 1326 3300 '⁸⁸

1291 3001 1321 3036 ve
1333 2987 1423 3051 lcpera,

212 3356 395 3422 servicium
453 3353 499 3417 Et
536 3352 593 3418 isti
628 3359 696 3416 tres
731 3353 919 3418 sacerdotes
952 3353 1126 3420 habebunt
1158 3378 1261 3421 unum
1274 3317 1394 3368 founded.

212 3457 373 3524 clericum.
419 3457 465 3520 Et
499 3459 599 3520 erunt
632 3454 668 3517 in
702 3455 862 3540 praedicta
885 3455 993 3520 Domo
1032 3479 1161 3544 semper
1183 3481 1261 3524 xxv.

212 3560 366 3624 mulieres
388 3557 533 3643 leprosae,
555 3577 615 3641 per
636 3577 697 3619 nos
719 3556 943 3622 instituendos.
991 3557 1041 3622 De
1064 3558 1200 3626 ecclesie
1222 3561 1263 3626 de

89 3647 96 3656 ’
212 3662 397 3747 Bradegate
420 3663 455 3724 et
477 3657 552 3722 aliis
582 3657 777 3734 redditibus,
799 3663 835 3723 et
865 3659 972 3736 terris,
997 3665 1031 3726 et
1054 3661 1262 3740 substanciis,

212 3769 246 3828 et
277 3758 468 3836 elemosinis,
491 3765 526 3824 et
557 3758 817 3824 obvencionibus
848 3761 995 3844 ejusdem
1019 3761 1155 3841 Domus,
1187 3786 1263 3851 pro·

213 3864 401 3930 videbimus
430 3868 502 3927 tam
533 3859 761 3926 sacerdotibus
793 3861 861 3925 illis
894 3883 994 3947 quem
1029 3885 1089 3950 pro
1124 3866 1262 3952 leprosis

214 3966 379 4053 praedictis
412 3962 605 4028 necessaria.
648 3963 694 4027 Et
717 3967 757 4027 ut
790 3963 864 4028 haec
885 3965 1077 4050 supradicte
1109 3967 1206 4033 firme
1228 3977 1262 4034 et

213 4069 405 4133 inconcussa
441 4069 658 4149 permaneant
688 4064 725 4127 in
762 4069 941 4149 posterum,
974 4069 1131 4150 praesenti
1169 4077 1261 4136 curte

213 4175 327 4236 nostra
356 4173 391 4233 et
420 4165 522 4252 sigilli
553 4165 659 4230 nostri
691 4166 903 4251 apposicionc
934 4167 993 4232 ille
1023 4169 1262 4238 roboravimus.

214 4271 316 4336 Salve
345 4269 511 4354 dignitate
544 4265 681 4331 Domini
711 4266 966 4354 Archiepiscopi.
1013 4270 1090 4335 Hiis
1120 4273 1262 4338 testibus

216 4371 366 4438 Gilberto
402 4368 552 4434 Roffensi
586 4367 756 4454 Episcopo,
787 4368 829 4434 H.
871 4367 1105 4438 Oentuariensi
1143 4373 1261 4440 Archi-

215 4475 362 4550 diaoono,
398 4471 541 4557 Rogerio
580 4468 713 4534 Abbate
752 4469 868 4537 Sancti
909 4472 1100 4558 Augustini,
1138 4474 1261 4560 Algaro
1312 4518 1320 4536 .

215 4576 345 4644 Abbete
368 4574 409 4639 de
432 4571 640 4638 Fevcrsham.
