3350 5800
580 835 874 887 caurummrsns
1194 822 1255 891 127

195 1016 327 1079 nostros
349 1012 526 1079 solvendas
548 1010 672 1077 eisdem
695 1016 730 1077 et
759 1032 875 1076 eorum
899 1009 1034 1095 utrique
1058 1008 1144 1075 Sede
1167 1008 1253 1077 Cun-

196 1114 358 1179 tuariensi
389 1113 496 1199 plena,
519 1118 554 1180 et
575 1134 636 1199 per
657 1111 805 1179 Priorem
827 1116 862 1177 et
886 1110 1081 1198 Capitulum
1103 1115 1255 1177 nostrum

198 1212 440 1281 cantuariense
462 1214 538 1282 sede
567 1213 693 1281 ibidem
716 1218 866 1292 vacante,
889 1217 924 1279 et
946 1234 1148 1281 successores
1178 1234 1254 1279 suos

198 1318 453 1405 imperpetuum,
491 1339 552 1405 pro
595 1323 670 1383 rata
706 1317 893 1384 vacationis
932 1322 967 1383 et
1005 1318 1163 1403 temporis
1202 1317 1254 1381 sui

197 1420 359 1504 porcione
415 1420 522 1485 Item:
555 1419 719 1496 volumru,
753 1420 944 1498 statuimus,
984 1424 1019 1483 et
1057 1418 1255 1495 ordinamus,

198 1520 287 1605 quod
320 1520 453 1607 praefati
487 1520 553 1587 duo
577 1519 749 1607 Capeliani
780 1518 899 1598 nostri,
924 1524 1095 1586 eteorum
1129 1540 1255 1587 succes·

198 1642 286 1687 sores
319 1623 575 1709 imperpetuum,
606 1621 752 1689 officium
790 1643 889 1687 suum
922 1621 1022 1687 simul
1060 1622 1186 1699 dicant,
1217 1620 1254 1685 in

198 1725 342 1791 oratorio
379 1730 494 1791 nostro
530 1725 699 1812 praedicto,
736 1724 919 1791 secundum
956 1746 1064 1792 usura
1102 1724 1255 1791 Ecclesiae

197 1825 337 1907 Samm3
366 1848 495 1893 necnon
515 1825 658 1894 Placebo
679 1834 715 1892 et
737 1826 870 1913 Dirige,
891 1827 929 1891 in
952 1827 1068 1893 eodem
1100 1827 1254 1906 oratorio,

198 1950 259 2015 pro
284 1928 465 2017 [salubri]¹
495 1934 588 1995 statu
617 1930 768 1996 omnium
797 1935 834 1996 et
863 1930 1072 2017 singulorum
1103 1929 1253 2015 superius

197 2030 447 2097 nominatorum
470 2038 505 2097 et
527 2038 650 2110 nostro,
673 2031 754 2097 dum
785 2032 980 2118 superstites
1002 2031 1173 2109 fuerimus,
1196 2034 1255 2095 aut

199 2131 322 2217 aliquis
343 2138 496 2199 nostrum
518 2138 685 2220 superstes
699 2132 821 2214 fuerit'3
843 2155 973 2201 necnon
995 2155 1056 2219 pro
1079 2132 1253 2199 animabus

198 2231 266 2296 illis
300 2238 335 2299 et
368 2240 483 2300 nostra
513 2256 590 2301 cum
623 2236 667 2300 ab
699 2234 762 2301 hac
794 2234 868 2301 luce
901 2234 1162 2322 migraverimus,
1196 2254 1254 2299 seu

199 2334 321 2420 aliquis
366 2336 602 2422 praedictorum
643 2336 842 2423 migraverit
854 2360 862 2416 ;
907 2342 1006 2424 prout
1044 2337 1132 2403 idem
1170 2356 1255 2404 πωπω

199 2434 323 2503 Sarum
353 2438 460 2523 exigit
489 2442 524 2503 et
554 2438 701 2524 requirit
749 2439 793 2505 lit
815 2438 905 2524 quod
927 2460 1014 2504 unus
1042 2460 1155 2505 eorum
1177 2439 1256 2503 mis-

199 2560 271 2606 sam
299 2541 440 2627 singulis
471 2541 589 2607 diebus
619 2542 709 2609 dicat
738 2543 780 2607 de
810 2542 875 2620 die,
905 2548 940 2608 et
969 2543 1054 2609 alter
1085 2543 1126 2608 de
1150 2543 1256 2609 Beata

200 2642 348 2729 Virgine,
370 2644 551 2710 secundum
582 2645 672 2730 quod
694 2645 783 2709 inter
806 2666 841 2710 se
872 2646 1045 2731 potuerint
1068 2646 1254 2724 convenire,

200 2748 235 2809 et
257 2743 439 2811 secundum
461 2745 551 2831 quod
574 2744 719 2831 qualitas
741 2744 809 2811 diei
831 2743 895 2811 hoc
917 2745 1024 2831 exigit
1046 2751 1081 2810 et
1103 2745 1253 2831 requirit,

199 2846 266 2912 nisi
294 2847 333 2912 in
361 2846 541 2934 praemissis
572 2847 720 2934 legitime
746 2850 780 2912 et
812 2846 885 2913 sine
916 2846 991 2913 dolo
1022 2846 1257 2932 impediantur,

201 2968 277 3014 cum
309 2948 446 3014 lieentia
480 2953 594 3014 tamen
627 2953 662 3013 et
692 2948 869 3014 voluntate
892 2947 1016 3012 Prioris
1048 2952 1083 3012 et
1106 2946 1256 3032 Capituli

201 3049 355 3117 aolosis
388 3050 598 3138 supradictas,
630 3056 780 3137 tempore
814 3051 918 3116 etiam
952 3070 1097 3135 congruo
1134 3048 1257 3114 eisdem

202 3151 387 3220 limitando.
433 3153 541 3217 Item:
571 3151 736 3229 volumus,
768 3152 972 3230 ordinamus,
1003 3155 1037 3216 et
1067 3149 1260 3228 statuimus,

202 3255 292 3338 quod
311 3254 436 3341 singuli
457 3255 564 3320 nostri
580 3252 761 3342 Capellani,
778 3253 837 3338 qui
860 3273 950 3319 nunc
972 3256 1102 3317 suntet
1125 3251 1184 3336 qui
1198 3272 1259 3336 pro

201 3360 351 3440 tempore
400 3362 507 3434 erunt,
556 3356 607 3420 ire
653 3360 834 3421 teneantur
882 3352 1177 3440 processionaliter,
1223 3351 1259 3416 in
1359 3415 1363 3422 ,

202 3456 323 3522 babitu
362 3479 421 3543 per
466 3478 526 3523 nos
572 3459 620 3523 eis
653 3462 689 3522 et
730 3478 844 3522 eorum
886 3457 1025 3522 cuilibet
1071 3457 1259 3540 praeparato

203 3556 320 3624 diebus
366 3558 486 3643 quibus
530 3559 705 3644 continget
749 3556 932 3624 Ecclesiam
976 3561 1124 3622 nostram
1172 3553 1259 3620 Can·

203 3661 406 3727 tuariensem
439 3665 488 3727 ire
521 3661 816 3748 processionaliter,
852 3660 923 3725 sive
961 3659 1052 3724 infra
1090 3657 1259 3725 ecclesiam

206 3763 278 3828 sive
301 3767 405 3844 extra,
421 3785 464 3829 ex
486 3785 684 3849 quacunque
706 3784 807 3831 causa
826 3763 1065 3849 processionem
1088 3759 1161 3826 fieri
1183 3781 1259 3828 con·

205 3865 323 3951 tinget,
346 3867 376 3930 si
397 3872 433 3933 et
464 3865 598 3950 quando
624 3887 684 3952 per
708 3865 856 3930 Priorem
889 3870 924 3930 et
947 3863 1140 3949 Capitulum
1163 3863 1260 3929 dictae

205 3967 350 4034 ecclesiae
381 3968 426 4033 ad
456 3967 652 4054 hujusmodi
698 3967 920 4052 processiones
954 3965 1080 4030 firerint
1118 3963 1259 4030 evocati.

206 4067 293 4135 Item
324 4071 487 4149 volumus,
519 4070 715 4146 statuimus,
738 4073 773 4133 et
803 4067 1007 4147 ordinamus,
1030 4066 1119 4154 quod
1140 4071 1262 4132 neuter

206 4171 371 4238 dictorum
394 4171 650 4258 Capellanorum
673 4175 865 4236 nostrorum
888 4192 923 4236 se
945 4171 1108 4247 absentet,
1131 4168 1197 4233 nisi
1220 4167 1261 4232 de

207 4273 343 4341 licentia
377 4279 492 4340 nostra
524 4274 660 4361 speciali
692 4274 774 4339 dum
804 4277 971 4360 superstes
993 4271 1153 4338 fuerimus
1169 4275 1204 4336 et
1225 4269 1261 4334 in

206 4375 343 4443 civitate
382 4376 574 4455 Cantuaria,
613 4398 672 4441 seu
692 4395 937 4442 successorum
974 4380 1162 4439 nostrorum
1200 4391 1260 4456 pro

207 4483 355 4565 tempore
388 4479 616 4557 existentium,
639 4483 709 4556 aut,
732 4478 815 4564 ipsis
836 4482 899 4544 aut
929 4476 1026 4541 nobis
1057 4473 1259 4550 absentibus,

207 4578 330 4647 Prioris
369 4581 525 4649 Ecclesiae
553 4586 675 4646 nostrae
713 4581 883 4668 praedictae
921 4578 978 4663 qui
1016 4597 1075 4662 pro
1113 4579 1260 4659 tempore

597 4781 607 4813 ¹
618 4778 726 4841 odstri,
735 4794 787 4829 orn.
797 4777 853 4830 MS.
