3350 5800
437 878 500 941 116
891 888 1025 936 arruns

435 1094 513 1160 novi
552 1090 681 1177 plumbi
719 1088 850 1155 additio
898 1086 1004 1152 Item:
1027 1107 1116 1152 nova
1153 1108 1283 1153 oamera
1321 1085 1489 1163 Oelerarii,

435 1215 510 1261 oum
533 1212 621 1256 nova
645 1189 765 1257 Schola
787 1188 1033 1254 monachorum.

480 1309 747 1373 Raranarlonrs
794 1323 831 1371 IN
859 1305 1002 1371 ⁴Ouala
1064 1305 1282 1385 Quodamodo
1321 1304 1490 1392 reparatio

436 1410 532 1474 Aulae
565 1407 732 1485 Oelerarii,
763 1430 836 1473 eum
871 1428 959 1472 nova
982 1408 1038 1471 via
1069 1408 1113 1471 ad
1147 1412 1277 1493 portam
1301 1406 1422 1483 Ouriae,
1455 1411 1491 1469 et

436 1511 602 1597 reparatio
637 1510 782 1596 ejusdem
816 1514 931 1594 portae.
978 1508 1086 1572 Item:
1117 1531 1214 1575 novae
1249 1530 1386 1576 oamerae
1430 1529 1491 1593 pro

436 1614 623 1701 hospitibus
641 1612 742 1698 juxta
764 1612 942 1697 coquinam
977 1611 1180 1690 Conventus,
1203 1633 1278 1677 oum
1301 1632 1388 1676 novo
1411 1610 1488 1673 Iar-

437 1716 530 1779 dario
553 1716 681 1792 subtus,
704 1719 739 1781 et
762 1735 850 1779 novo
873 1714 1002 1779 oamino
1032 1734 1131 1799 super
1153 1714 1336 1800 coquinam.
1382 1711 1489 1777 Item:

437 1816 602 1902 reparatio
640 1815 757 1879 domus
795 1813 932 1879 braeini.
994 1813 1102 1879 Item:
1146 1816 1263 1879 domus
1310 1814 1346 1877 in
1384 1812 1490 1877 officio

440 1917 600 1985 Celeran'i
635 1938 695 2003 pro
729 1916 924 1981 necessariis
947 1916 1025 1981 suis.
1074 1915 1183 1981 Item:
1216 1937 1306 1981 nova
1336 1916 1489 1981 sartrina

437 2019 543 2084 Item:
583 2040 707 2083 novum
740 2019 940 2104 granarium.
976 2018 1110 2083 Item:
1151 2039 1276 2082 norum
1321 2018 1489 2082 stabulum

437 2120 565 2185 Prioris.
627 2121 730 2185 Item:
777 2142 902 2184 novum
949 2119 1072 2184 orrium
1118 2141 1178 2205 pro
1224 2118 1314 2184 foeno
1359 2118 1489 2183 Prioris

437 2222 543 2291 Item:
590 2222 744 2288 clausura
781 2243 951 2286 murorum
984 2221 1038 2286 -de
1080 2221 1268 2307 Northgate
1305 2242 1410 2306 usque
1447 2222 1490 2285 ad

438 2323 640 2411 Quenegata‚
678 2346 752 2390 oum
788 2328 929 2407 quatuor
960 2322 1109 2387 turribus
1141 2323 1329 2409 plumbatis
1384 2323 1491 2389 Item:

437 2426 600 2513 reparatio
634 2431 741 2512 portae
776 2425 959 2501 coemiterii,
982 2446 1059 2491 eum
1081 2425 1210 2489 duabus
1245 2426 1397 2490 domibus
1430 2426 1490 2489 Sa·

436 2528 545 2593 oristae
580 2529 616 2590 in
639 2527 790 2613 Burgate.
839 2527 946 2591 Item:
977 2546 1066 2591 nova
1095 2528 1284 2593 sacristaria
1321 2530 1357 2590 in
1379 2529 1489 2592 ooemi·

436 2630 520 2695 aerio
542 2650 618 2695 eum
640 2649 728 2693 nova
751 2628 949 2713 plumbaria.
999 2627 1110 2693 Item:
1141 2629 1324 2715 hospitium
1348 2630 1385 2692 in
1408 2628 1490 2693 villa

436 2738 591 2797 vocatum
613 2730 657 2795 La
682 2728 818 2795 Ohekere
841 2730 883 2793 de
905 2750 994 2795 novo
1016 2730 1167 2797 totaliter
1188 2737 1421 2797 constructum.

483 2832 641 2910 Oxorun,
676 2830 823 2918 exeeptis
855 2831 933 2896 aula
967 2838 1001 2898 et
1034 2832 1164 2898 duabus
1197 2834 1343 2909 aemerio,
1379 2833 1489 2898 omnia

436 2933 577 2999 aedificia
599 2938 677 2997 sunt
700 2932 743 2998 do
764 2953 852 2998 novo
874 2939 1064 3000 constructa
1086 2956 1154 2999 una
1176 2956 1252 3000 oum
1274 2935 1406 3020 oapella

483 3048 638 3113 chflarr.
685 3046 791 3112 Item:
829 3047 919 3132 apud
966 3047 1111 3113 Hioham
1149 3053 1257 3113 totum
1297 3051 1487 3127 manerium,

613 3153 752 3234 excepto
789 3148 929 3232 antiquo
967 3148 1099 3214 stabulo
1143 3153 1179 3214 et
1223 3150 1417 3231 columbari,
1447 3152 1487 3216 (le

613 3271 700 3315 novo
723 3255 961 3315 constructum.

482 3361 622 3430 Ormi}
669 3364 777 3428 Item:
808 3364 899 3450 apud
922 3363 1033 3448 Oetyn
1063 3363 1230 3431 habitatio
1252 3365 1389 3433 Thomae
1419 3373 1488 3433 atta

616 3464 708 3530 Hillo
731 3466 883 3532 totaliter
905 3472 1101 3533 constructa

481 3579 686 3644 BRAMLYNG.
735 3579 843 3644 Item:
873 3580 964 3667 apud
999 3579 1184 3668 Bramlyng
1205 3604 1330 3647 novum
1365 3584 1487 3648 orrium

615 3681 810 3768 bagulatum,
863 3703 936 3746 cum
984 3683 1192 3767 reparatione
1244 3685 1416 3749 domorum
1454 3693 1488 3748 et

615 3783 763 3846 omnium
786 3802 964 3848 murorum.

479 3893 662 3960 ADESHAM.
708 3894 813 3960 Item:
843 3897 933 3983 apud
955 3896 1125 3962 Adesham
1147 3899 1313 3984 reparatio
1335 3922 1464 3987 magua.

480 4008 603 4074 Esrnr.
649 4008 757 4075 Item:
794 4011 883 4097 apud
916 4011 1017 4097 Ratry
1055 4033 1144 4078 nova
1173 4018 1281 4099 porta,
1314 4036 1403 4079 nova
1433 4016 1488 4080 via

613 4113 702 4176 inter
735 4111 848 4177 aulam
871 4119 905 4179 ot
926 4114 1114 4199 coquinam,
1135 4137 1261 4180 novum
1293 4116 1487 4194 columhare,

611 4237 687 4280 oum
703 4236 824 4302 magna
838 4216 906 4282 alia
928 4219 1139 4304 reparatione
1154 4218 1337 4296 domorum,
1352 4228 1387 4285 et
1401 4241 1487 4286 nova

614 4317 776 4384 barkaria.

479 4429 631 4498 Laneus.
678 4432 786 4497 Item:
818 4435 908 4520 apud
939 4435 1069 4501 Ledeue
1102 4436 1198 4521 quasi
1228 4459 1341 4502 omnes
1372 4437 1485 4502 domus

611 4539 782 4620 reparatae.

433 4700 512 4710 ...-

757 4787 763 4820 ¹
779 4789 883 4849 Seston,
893 4803 956 4838 near
967 4748 1152 4840 Liltlebonrne.
