3350 5800
436 896 479 959 20
896 906 1028 955 mmrnn

435 1090 611 1163 annolus,
634 1086 705 1153 loeo
727 1088 874 1173 ejusque,
892 1088 1115 1173 appellatione
1137 1106 1345 1172 quacumque
1360 1103 1401 1150 ne
1423 1080 1488 1147 alio

438 1186 584 1253 remedio
614 1208 824 1275 quocumque
855 1189 1000 1264 semotis,
1026 1188 1130 1273 juxta
1158 1188 1298 1253 formam
1337 1184 1489 1272 superius

436 1286 559 1367 datam,
575 1290 698 1355 alium¹
725 1290 794 1359 loeo
819 1290 923 1377 ipsius
944 1291 1014 1357 sore
1039 1291 1287 1377 subrogandum
1309 1306 1487 1355 censemus·

437 1386 637 1476 capellanus
661 1397 695 1455 et
718 1391 785 1457 duo
820 1392 969 1459 Seolares
1003 1392 1093 1459 Socii
1116 1390 1222 1457 dioti²
1242 1390 1376 1477 collegii
1393 1388 1487 1474 jura·

437 1490 522 1557 bunt
546 1492 581 1557 in
615 1494 813 1563 admissione
836 1516 959 1571 eornm,
982 1501 1017 1561 et
1046 1494 1189 1581 quilibet
1214 1516 1328 1561 eorum
1361 1493 1398 1556 in
1430 1509 1489 1555 sua

436 1594 635 1663 admissione
663 1598 801 1681 jurabit,
826 1599 915 1684 quod
947 1598 1090 1683 quilibet
1113 1620 1227 1665 eorum
1265 1598 1486 1683 inquantum

438 1698 583 1781 potuerit
606 1698 671 1763 erit
694 1699 801 1765 tidelis
824 1700 924 1767 diotre
951 1700 1110 1767 eantariae
1133 1701 1204 1765 sive
1234 1699 1382 1785 collegio,
1401 1698 1488 1781 jura,

437 1798 616 1879 libertates,
641 1822 679 1867 aa
701 1802 788 1867 bona
811 1802 968 1885 ejusdem,
991 1809 1026 1867 et
1048 1802 1289 1867 ordinationem
1313 1798 1487 1886 praedictae

437 1902 655 1983 conservabit,
690 1906 904 1983 sustentabit,
927 1911 962 1969 et
994 1904 1234 1979 manutenebit,
1253 1920 1328 1989 'pro
1360 1900 1489 1965 viribus

438 2004 513 2067 suis.
562 2004 640 2069 Non
663 2006 726 2071 erit
750 2007 785 2070 in
809 2006 956 2083 concilio,
972 2006 1106 2083 auxilio,
1130 2006 1185 2071 vel
1208 2005 1330 2082 favore,
1346 2009 1387 2069 ut
1409 2000 1489 2088 quid

438 2102 648 2190 dilapidetur,
672 2106 860 2187 alienetur,³
881 2130 940 2173 seu
973 2108 1193 2194 depraedetur,
1215 2108 1256 2173 de
1278 2105 1376 2171 bonis
1412 2124 1488 2169 ean·

439 2206 532 2269 tariae
556 2228 612 2271 seu
645 2207 773 2293 collegii
810 2210 979 2295 praedicti3
1017 2216 1068 2275 set
1099 2208 1330 2295 augmentabit
1364 2206 1488 2281 eadem,

441 2308 600 2386 videlieet,
624 2311 765 2396 quilibet
788 2333 901 2377 eorum
924 2333 1000 2376 cum
1024 2312 1248 2397 quadraginta
1277 2310 1392 2377 solidis
1413 2328 1488 2373 cum

441 2411 568 2475 venerit
589 2412 633 2475 ad
656 2412 825 2479 fortunam
849 2414 1067 2501 pinguiorem.
1113 2414 1199 2478 Item
1223 2414 1299 2479 volo
1314 2418 1349 2477 et
1363 2411 1489 2485 ordino,

437 2512 524 2595 quod
564 2514 717 2599 quotiens
769 2516 952 2581 necessaria
989 2516 1092 2581 fuerit
1129 2516 1310 2600 prostracio
1347 2514 1491 2579 nemoris

437 2614 591 2680 eantariae
623 2616 799 2702 praedietae,
823 2617 911 2703 quod
935 2618 1007 2703 ipsa
1030 2618 1211 2703 prostracio
1233 2618 1323 2683 inter
1344 2616 1491 2703 primum

436 2714 523 2779 diem
547 2717 668 2781 mensis
693 2717 902 2795 Novembris,
926 2723 961 2783 et
983 2739 1051 2782 non
1073 2734 1161 2796 ante,
1184 2723 1219 2783 et
1241 2718 1385 2803 primum
1400 2718 1488 2781 diem

438 2818 557 2882 mensis
580 2819 716 2906 Aprilis,
740 2827 774 2886 et
797 2842 866 2887 non
889 2828 975 2908 post,
997 2821 1078 2902 fiat;
1124 2821 1188 2885 nisi
1212 2841 1408 2907 queroorum
1430 2840 1490 2905 pro

437 2923 645 3006 reputacione
680 2925 861 3001 domorum,
896 2946 978 3010 quss
1009 2925 1099 2990 omui
1134 2931 1282 3011 tempore
1314 2924 1406 3002 anni,
1429 2928 1489 2987 aut

436 3023 605 3108 virgarum
628 3026 823 3104 anioearum,
848 3049 931 3112 quas
952 3027 1059 3112 primo
1094 3027 1148 3092 die
1182 3028 1303 3092 mensis
1333 3026 1488 3093 Octobris

436 3125 599 3210 prosterni
623 3127 857 3210 permittimus.
903 3127 1119 3214 Singulisque
1141 3129 1240 3193 annis
1263 3129 1353 3192 ultra
1368 3148 1486 3192 novem

435 3247 527 3290 noras
548 3226 649 3304 bosci,
672 3233 733 3292 aut
755 3250 907 3312 quercus,
930 3251 988 3294 seu
1011 3230 1153 3316 grandes
1175 3229 1317 3304 arbores,
1339 3229 1406 3292 nisi
1429 3250 1487 3313 pro

435 3327 644 3412 roparaoione
680 3328 853 3394 domorum
876 3330 1120 3416 praedictarum,
1143 3337 1351 3417 prosternere
1377 3329 1486 3414 probi·

436 3429 550 3494 bemus
573 3431 697 3516 absque
713 3433 899 3499 concilicet
915 3454 1078 3498 concensu
1102 3433 1281 3499 dioeeesani
1303 3431 1486 3497 memorati.

436 3532 520 3598 Itern
545 3532 620 3598 volo
632 3540 667 3598 et
682 3535 807 3612 ordino,
824 3537 913 3620 quod
942 3537 1055 3602 nullus
1071 3537 1209 3602 istorum
1226 3536 1410 3602 Scolarium
1425 3535 1488 3600 erit

434 3634 675 3720 Aqurebajulus
699 3636 796 3702 dietae
830 3637 1038 3703 ecclesiane
1064 3639 1231 3724 Bredgare
1257 3659 1317 3725 pro
1339 3643 1487 3722 tempore

434 3756 499 3819 quo
515 3735 616 3802 suerit
632 3737 748 3803 Sooius
765 3739 923 3804 cantariae
943 3740 1014 3805 sive
1031 3739 1161 3826 collegii
1177 3740 1359 3806 memorati.
1399 3738 1485 3804 Item

434 3837 510 3902 volo
533 3843 568 3902 et
591 3839 706 3905 ordino
730 3840 818 3926 quod
843 3842 906 3906 iste
930 3841 1132 3928 Capelianus
1143 3864 1210 3908 non
1226 3842 1273 3907 sit
1286 3841 1487 3927 capellanus

434 3937 630 4024 paroehialis
655 3941 797 4007 ecelesiae
823 3943 864 4007 do
887 3942 1075 4030 Bradegare
1098 3943 1265 4031 praediotae
1289 3944 1369 4008 dnm
1384 3943 1488 4008 fuerit

435 4039 634 4126 Capellanus
666 4042 857 4128 capellaniae
889 4046 1047 4110 cantariae
1070 4046 1142 4110 sive
1164 4044 1294 4132 collegii
1327 4045 1487 4131 praedicti

435 4141 521 4208 Item
557 4143 633 4208 volo
657 4149 691 4208 et
723 4144 840 4210 ordino
875 4147 962 4232 quod
999 4147 1215 4233 implementa
1236 4153 1272 4212 et
1294 4146 1363 4213 alia
1396 4147 1486 4212 bona

434 4245 537 4330 ipsius
559 4245 715 4310 cantariae
738 4246 808 4310 sive
831 4246 960 4334 collegii
985 4249 1054 4314 sint
1076 4249 1113 4312 in
1135 4249 1227 4325 cista,
1251 4255 1313 4314 aut
1334 4249 1402 4314 alio
1416 4248 1486 4314 loeo

433 4367 556 4428 securo,
592 4347 700 4412 tribus
738 4347 892 4414 clavibus
930 4350 1073 4416 diversis
1117 4351 1265 4416 diversas
1312 4349 1487 4416 habente‘

433 4469 562 4514 serurns
584 4454 735 4527 secretas,
759 4471 901 4535 quorum
925 4452 1068 4537 quilibet
1091 4475 1204 4518 corum
1228 4474 1329 4518 unam
1359 4451 1486 4517 elavem

432 4551 555 4617 habeat
578 4551 640 4616 sub
663 4552 756 4618 salva
779 4555 931 4620 custodia
953 4577 1021 4622 sus.
1070 4556 1125 4621 Ad
1148 4557 1217 4624 baec
1239 4577 1301 4643 ego
1323 4555 1488 4621 Robortus

432 4653 612 4740 praediotus
636 4651 720 4731 volo,
744 4661 777 4721 et
801 4655 928 4735 ordino,
951 4679 990 4723 ac
1012 4679 1143 4724 reservo
1165 4658 1266 4725 miobi
1289 4662 1488 4744 potestatem

467 4851 476 4883 ¹
493 4850 638 4916 aiiaaMS.
1016 4855 1027 4888 ⁸
1043 4855 1179 4918 elmar,
1190 4857 1250 4911 MS.

464 4930 476 4965 ¹
492 4929 533 4993 ds,
543 4931 600 4984 MS.
1016 4935 1026 4968 ⁴
1044 4933 1172 4998 iatum,
1183 4937 1239 4990 MS.
