3350 5800
421 822 461 889 12
882 848 1015 896 nrnun

417 1020 458 1085 de
487 1021 562 1106 jure
597 1022 685 1087 dicto
717 1023 822 1089 Priori
855 1032 889 1090 et
924 1026 1123 1106 Conventni,
1156 1029 1399 1095 defensionibus
1437 1038 1474 1096 et

417 1122 600 1189 rationibus
624 1126 801 1190 eorundem
825 1128 969 1193 Abbatis
992 1134 1027 1193 et
1050 1129 1241 1197 Conventus
1263 1154 1321 1218 per
1343 1135 1472 1199 eosdem

416 1225 571 1310 primitus
606 1228 740 1307 auditis,
774 1229 863 1314 quod
886 1236 967 1296 tunc
1002 1230 1163 1317 obligatio
1193 1234 1269 1311 isto,
1292 1236 1354 1299 sub
1377 1238 1473 1300 modo

417 1343 451 1402 et
473 1340 578 1404 formo
601 1346 635 1406 et
657 1341 773 1408 diebus
796 1344 971 1409 solucionis
993 1346 1143 1430 superius
1176 1348 1331 1425 recitatis,
1354 1348 1475 1414 habeat

417 1441 487 1505 vim
525 1447 558 1507 et
596 1443 768 1525 effectum3
815 1446 844 1509 si
881 1468 960 1512 vero
993 1469 1053 1533 pro
1090 1448 1183 1512 nullo
1221 1451 1282 1536 ipsi
1322 1451 1473 1537 Magistri

417 1542 440 1607 J
442 1543 587 1609 ohannes
610 1552 644 1611 et
666 1542 830 1612 Rdbertus
857 1548 980 1613 dictem
1003 1550 1224 1625 indenturam,
1252 1554 1361 1637 quood
1384 1553 1473 1638 ipsos

416 1643 582 1709 Abbetern
626 1653 660 1711 et
698 1646 910 1713 Conventum
956 1651 998 1726 de
1036 1651 1208 1737 Tyntemo
1247 1654 1472 1719 Landevensis

416 1745 573 1823 dioecesis,
597 1748 633 1811 in
656 1770 695 1813 eo
728 1756 823 1835 perte
843 1751 1072 1835 judicaverint
1106 1760 1141 1817 et
1169 1756 1473 1839 pronunciaverint,

417 1847 470 1911 vel
509 1848 699 1914 interlocuti
730 1851 866 1927 suerint,
904 1853 989 1918 citra
1022 1854 1142 1918 festum
1176 1856 1291 1921 Sancti
1331 1859 1473 1924 Andreae

417 1950 606 2033 proximum
641 1958 716 2038 post
749 1953 864 2018 dotem
898 1955 1167 2040 suprascriptam,
1199 1959 1241 2021 od
1273 1959 1471 2025 instanciam

418 2050 580 2117 dictorum
619 2053 741 2119 Prioris
791 2061 824 2120 et
864 2054 1067 2132 Conventus,
1110 2058 1200 2143 quod
1248 2066 1372 2125 extunc
1409 2064 1473 2127 iste

418 2151 578 2239 obligacio
610 2177 669 2241 pro
702 2156 793 2222 nullo
816 2156 1001 2239 habeatur3
1029 2158 1176 2243 alioquin
1207 2160 1243 2224 in
1266 2184 1325 2225 suo
1356 2164 1471 2228 robore

418 2261 612 2340 permoneat
635 2258 803 2323 duraturo.

280 2730 369 2781 inas.
576 2710 852 2778 949.—errnnn
876 2722 1046 2773 concesso
1069 2706 1214 2773 Dornro
1237 2706 1339 2772 Reor.

288 2803 358 2849 1392.

242 2889 385 3044 ss'hg‘ghap
465 2914 751 2980 Excellentissimo
774 2913 908 2977 domino
931 2916 1053 2989 nostr0,
1077 2911 1220 2976 Domino
1244 2911 1385 2976 Ricardo
1411 2911 1470 2974 llei

244 3055 283 3098 m
293 3047 403 3112 promise
419 3017 528 3102 gretie
561 3015 643 3100 Regi
666 3014 798 3101 Angliae
830 3019 865 3079 et
898 3012 1058 3091 Franciae,
1085 3015 1189 3077 vestri
1222 3014 1404 3077 servientes
1437 3019 1472 3077 et

244 3123 271 3162 10
279 3115 348 3190 'keep
361 3114 403 3164 rho
420 3124 564 3184 oratores
586 3116 765 3182 humillimi
789 3115 931 3180 Thomas
962 3115 1058 3179 Prior
1084 3121 1119 3178 et
1142 3114 1335 3180 Conventus
1359 3113 1470 3179 Eccle-

244 3181 337 3312 ῗςιᾙ
417 3221 475 3286 siae
500 3219 625 3285 Christi
660 3217 919 3293 Centuoriensis
942 3237 1016 3282 cum
1040 3216 1242 3300 subjectione
1274 3217 1473 3294 omnimode,

241 3312 403 3428 assljghffil·
418 3321 576 3407 quiequid
609 3319 814 3405 potuerimus
849 3318 1044 3383 reverentiae
1079 3323 1114 3382 et
1144 3317 1286 3383 honoris,
1342 3317 1471 3382 Placuit

242 3446 396 3504 firstQusen
420 3422 667 3509 Omnipotentis
691 3421 754 3484 Dei
777 3419 1019 3496 misericordiae,
1043 3419 1248 3504 temporibus
1272 3421 1470 3484 serenissimi

244 3511 403 3561 inthemost
419 3525 543 3590 domini
592 3521 727 3588 Domini
780 3520 936 3586 Edwardi
983 3521 1144 3605 Principis
1184 3520 1320 3599 Walliae,
1366 3524 1472 3609 patris

239 3578 357 3702 iiiiii„
418 3628 531 3702 vestri,
554 3627 612 3710 qui
635 3625 671 3687 in
695 3621 844 3688 Ecclesia
875 3622 1001 3688 Christi
1037 3622 1270 3687 Oontueriensi
1292 3625 1471 3690 honorifice

242 3725 374 3825 “{ffi'for
417 3729 597 3814 sepellitur,
621 3747 678 3812 per
710 3724 949 3810 magnitudinis
980 3729 1099 3788 vestrae
1130 3724 1359 3790 excellentium
1384 3727 1470 3792 Oen-

239 3792 345 3892 iensfits
416 3831 617 3897 tuoriensem
655 3826 835 3894 Ecclesiam
873 3826 1031 3901 exaltem
1078 3847 1138 3911 pro
1175 3847 1241 3910 quo
1278 3848 1347 3903 nos,
1384 3827 1471 3892 sicut

241 3909 388 4038 ffiffie
416 3936 575 4008 tenemur,
610 3931 660 3994 ito
682 3929 905 3994 desideramus
927 3928 1107 4015 paratiores
1138 3928 1281 3992 inveniri
1304 3929 1471 3994 uberiores

242 4041 285 4090 lile
296 4039 326 4089 os
334 4041 378 4091 the
415 4035 552 4121 proinde
575 4034 646 4099 Deo
680 4033 863 4118 gratiarum
893 4033 1040 4096 actiones
1062 4031 1207 4109 referre3
1249 4031 1327 4096 licet
1357 4038 1470 4096 autem

238 4107 341 4226 iffi·
411 4138 513 4224 juxto
546 4137 664 4201 merite
699 4134 906 4200 celsitudinis
929 4140 1049 4198 vestrm
1083 4138 1182 4219 prout
1216 4134 1368 4219 cupimus
1400 4156 1470 4199 non

415 4261 588 4325 possumus
612 4237 817 4322 respondere,
833 4235 869 4299 id
893 4240 1006 4300 tumen
1025 4235 1191 4299 modicum
1214 4235 1305 4319 quod
1320 4235 1469 4300 velemus

413 4343 566 4429 prosequi
597 4340 803 4406 decrevimus
835 4338 871 4401 in
894 4337 1055 4423 praesenti.
1103 4335 1200 4412 Sane,
1232 4336 1272 4400 de
1303 4340 1468 4402 communi

411 4445 585 4510 voluntate
601 4447 634 4506 et
657 4463 788 4506 assensu
814 4439 962 4504 omnium
984 4445 1145 4515 nostrum,
1168 4438 1385 4516 concedimus
1408 4460 1469 4525 pro

411 4547 505 4611 nobis
543 4551 577 4610 et
611 4541 850 4606 successoribus
900 4541 1030 4618 nostris,
1065 4541 1154 4625 quod
1192 4539 1332 4625 singulis
1370 4542 1469 4605 annis

410 4650 662 4733 imperpetuum,
708 4643 744 4706 in
781 4642 834 4706 die
881 4643 993 4707 obitus
1031 4642 1301 4707 excellentissimi
1339 4642 1467 4708 domini

412 4749 547 4816 Domini
569 4745 725 4812 Edwardi
757 4743 921 4829 Principis
944 4743 1074 4809 Wslliae
1097 4744 1201 4829 petris
1225 4744 1337 4825 vestri,
1370 4745 1464 4830 cujus
