3350 5800
609 888 899 939 cruentemusus.
1232 876 1272 935 21
1372 912 1392 933 1

217 1077 370 1143 mutandi
406 1084 440 1143 et
463 1078 652 1144 declarandi
689 1078 915 1143 ordinationes
948 1077 1195 1162 predicasse
1216 1074 1275 1139 ad·

216 1178 315 1244 dendi
340 1180 463 1245 eisdem
483 1181 585 1267 juxta
609 1181 750 1245 liberum
774 1180 951 1245 arbitrium
976 1200 1096 1255 meum,
1112 1178 1272 1263 quamdiu

214 1282 330 1347 vixero
354 1284 390 1346 in
412 1282 576 1349 humanis,
623 1282 664 1346 In
688 1283 782 1368 cujus
797 1284 847 1347 rei
870 1282 1100 1347 testimonium
1125 1280 1271 1365 sigillum

215 1404 325 1447 meum
348 1386 567 1469 praesentibus
590 1386 737 1469 apposui.
797 1384 888 1447 Data
911 1390 945 1447 et
969 1390 1044 1447 aeta
1069 1381 1271 1456 Gsntuariae,

214 1486 357 1570 septimo
396 1487 449 1551 die
489 1488 609 1551 mensis
651 1489 776 1573 Aprilis
828 1508 916 1551 anno
967 1485 1103 1550 Domini
1150 1498 1272 1548 mccc>

214 1590 425 1674 nonagesimo
448 1590 557 1655 tertio.

214 1814 924 1882 953.-001²1AORD1NAT10NISOUJUSDAM
957 1831 1141 1879 csunmnn
1172 1828 1267 1876 nrun
1312 1836 1408 1900 (Aug.)

447 1918 660 1983 quun‘rna
682 1919 878 1983 Jousuunu
901 1918 1030 1983 Dauus
1327 1905 1399 1952 ¹³⁹³·

1281 1982 1308 2031 S.
1321 1986 1350 2033 1³
1363 1983 1387 2033 la

257 2056 432 2123 Universis
464 2058 590 2124 Christi
626 2058 780 2123 fidelibus
817 2058 877 2122 has
912 2058 1103 2123 indentetes
1138 2057 1267 2121 litteras
1280 2108 1399 2158 Poenus

213 2156 291 2223 hine
336 2158 413 2223 inde
451 2159 615 2225 confectas
653 2160 776 2225 intueri
815 2160 1015 2233 volentibus,
1053 2158 1193 2224 salutem
1232 2162 1267 2221 et
1279 2174 1410 2225 trondem

212 2260 506 2345 promptitudinem
539 2262 582 2325 sd
614 2282 713 2346 opera
747 2261 889 2347 pietatis.
937 2260 1024 2339 Quia
1056 2260 1167 2325 cultus
1200 2257 1264 2323 Dei
1277 2241 1422 2373 ζέω·

211 2359 277 2424 hiis
300 2361 416 2425 diebus
451 2361 524 2447 plus
561 2363 723 2427 minuitur
754 2384 855 2447 quam
885 2368 1036 2448 augetur,
1066 2363 1186 2427 animae
1209 2359 1265 2425 de·
1278 2376 1388 2427 Ioniam

208 2460 398 2527 functorum
421 2463 582 2529 oblivioni
609 2466 791 2529 traduntur
823 2465 1062 2549 quamtociens,
1097 2469 1133 2528 et
1166 2463 1265 2528 devo·
1279 2444 1404 2563 §lma

212 2563 319 2628 tiones
342 2564 496 2629 vivorum
530 2566 573 2631 eb
608 2567 750 2633 ecclesiis
774 2567 849 2651 plus
884 2567 982 2630 solito
1014 2566 1267 2640 subtrahuntur,
1280 2578 1397 2642 bylone

212 2663 283 2749 Ego
314 2664 484 2731 ‚Iohannes
509 2668 632 2754 Denys,
656 2669 696 2733 de
733 2668 887 2755 parochia
911 2668 951 2732 de
974 2667 1097 2731 Iklram
1121 2667 1267 2733 Cantus·
1280 2646 1375 2711 ΜΨ·

210 2766 327 2831 niensis
365 2767 529 2845 dioecesis,
570 2771 611 2835 de
656 2769 794 2836 licencia
840 2769 974 2855 speciali
1020 2770 1192 2835 reverendi
1231 2770 1267 2833 iu

211 2867 345 2936 Christo
369 2870 473 2956 putris
509 2891 547 2937 ac
577 2870 703 2936 domini
731 2871 836 2936 nostri
861 2870 997 2936 Domini
1020 2870 1179 2936 Willelmi
1203 2870 1267 2937 Dei

210 2971 319 3056 grstia
358 2973 613 3059 Archiepiseopi
660 2973 919 3052 Cantuariensis,
965 2980 1026 3039 etc
1063 2973 1268 3058 aliorumque

212 3093 350 3156 quorum
375 3073 515 3139 interest
538 3074 574 3138 in
609 3075 671 3140 hae
702 3081 932 3160 pertenuem
966 3081 1160 3162 perpetuam
1192 3098 1268 3142 cau·

211 3175 329 3238 tariam
354 3175 454 3239 unius
470 3175 642 3261 capellani,
658 3177 715 3261 qui
732 3177 902 3262 perpetuis
917 3177 1041 3242 futuris
1064 3176 1268 3263 temporibus

210 3276 254 3340 ad
277 3277 435 3341 honorem
458 3282 491 3341 ct
530 3278 662 3344 laudem
686 3278 760 3356 Dei,
784 3279 989 3344 Beatissimae
1014 3279 1129 3343 matris
1153 3279 1267 3344 Marito

210 3378 369 3466 Virginis
411 3379 546 3446 Sanctae
585 3381 766 3458 Keterinae,
803 3386 837 3446 et
875 3382 1024 3446 omnium
1060 3381 1267 3461 Sanctorum,

211 3482 292 3546 navi
315 3481 460 3547 ecclesise
483 3482 524 3546 de
547 3482 669 3547 Ikham
694 3481 946 3547 Oentuariensis
969 3484 1128 3561 dioecesis,
1144 3489 1179 3548 et
1201 3506 1269 3550 non

207 3581 288 3646 alibi
311 3583 434 3668 absque
457 3583 592 3668 speciali
627 3584 771 3650 licencia
795 3584 928 3669 patroni
967 3583 1068 3649 dictae
1101 3586 1267 3662 canterius,

213 3685 329 3749 missas
353 3691 386 3749 et
410 3686 521 3750 omnia
544 3685 610 3750 alia
642 3686 757 3750 divina
790 3685 897 3751 officis
928 3687 965 3750 in
999 3687 1088 3752 dictu
1123 3688 1267 3766 ecclesia,

207 3787 311 3872 juxta
356 3787 498 3851 formem
545 3793 751 3866 annotatam,
790 3789 981 3866 celebrabit,
1020 3812 1095 3874 quae
1133 3791 1267 3875 quidem

211 3889 348 3958 licencia
370 3889 503 3974 patroni
526 3889 661 3954 durabit
683 3889 746 3953 nisi
770 3910 829 3974 per
861 3897 1004 3974 quatuor
1027 3891 1097 3956 dies
1119 3892 1266 3977 quolibet

213 3990 381 4076 quarterio
405 3991 494 4068 anni,
518 3991 634 4056 ordino
670 3996 704 4056 et
739 3991 845 4056 sundo
877 4013 937 4078 per
971 3998 1157 4077 presentes.
1204 3994 1267 4060 Jus

211 4097 417 4178 patronatus,
440 4113 478 4158 ac
497 4092 555 4177 jus
588 4093 816 4178 praesentendi
853 4093 896 4157 ed
928 4092 1090 4157 cendem¹
1112 4095 1266 4178 quociens

214 4193 320 4279 ipsam
347 4215 463 4259 vacare
494 4195 678 4280 contigerit,
702 4195 745 4259 ed
779 4216 831 4258 me
864 4193 943 4258 dum
977 4195 1100 4272 vixero,
1136 4201 1269 4282 etpost

215 4300 355 4360 mortem
378 4317 485 4360 meam
510 4295 696 4361 haeredibus
720 4302 755 4361 et
787 4297 969 4382 assignatis
992 4298 1074 4362 meis
1097 4298 1174 4362 volo
1204 4300 1268 4364 im·

214 4403 412 4484 perpetuum
422 4398 596 4483 pertinere.
635 4398 740 4464 Item:
756 4399 872 4464 ordino
889 4399 976 4484 quod
992 4399 1146 4485 quociens
1163 4401 1269 4485 ipsam

216 4498 398 4564 cantariam
432 4520 550 4564 vacare
584 4501 770 4586 contigerit,
806 4507 967 4586 patronus
1000 4501 1155 4586 ejusdem,
1179 4502 1270 4568 infra

216 4605 282 4665 tres
305 4621 433 4666 menses
449 4622 470 4665 a
484 4601 537 4666 dic
566 4602 749 4667 vacationis
773 4603 929 4668 continue
952 4603 1181 4680 numerandos,
1205 4603 1268 4670 loci

217 4701 400 4767 dioecesano
423 4723 597 4789 personam
621 4703 783 4789 ydoneum
800 4704 1017 4790 praesentabit
1031 4703 1269 4769 instituendam

650 4935 656 4972 ¹
675 4934 768 4994 eadem,
780 4935 837 4987 MS.
