3350 5800
413 885 478 947 354
836 897 1022 948 srrsumx.

414 1086 519 1140 astices
550 1103 602 1158 pro
632 1086 802 1142 defensione
829 1087 907 1159 juris
938 1087 1076 1145 Ecclesiae
1105 1094 1214 1144 nostum
1243 1087 1275 1142 in
1300 1089 1357 1143 hac
1386 1091 1476 1158 parte

413 1167 597 1225 dissimulare
614 1187 673 1225 uon
691 1169 887 1241 pctuepimus,
907 1177 994 1242 prout
1007 1171 1121 1243 justum
1139 1172 1239 1235 fuerit,
1259 1187 1402 1226 exercere.
1432 1170 1473 1224 Iu

413 1251 548 1307 omnibus
582 1253 702 1324 insuper
732 1252 803 1308 locis
833 1259 940 1309 vestrm
966 1253 1180 1324 jurisdictionis
1210 1271 1263 1325 per
1290 1271 1359 1324 quse
1389 1252 1472 1307 idem

414 1335 557 1390 Dominus
581 1336 829 1408 Arcbiepiscopus
858 1336 900 1390 sic
925 1336 1086 1392 incedendo
1111 1337 1273 1400 transierit,
1291 1336 1340 1391 vel
1363 1335 1408 1390 sic
1423 1336 1470 1389 in-

412 1417 518 1474 cedens
546 1436 659 1475 moram
690 1420 801 1485 iecerit,
828 1419 952 1475 dumnte
981 1420 1096 1476 incessu
1122 1426 1152 1476 et
1181 1437 1264 1476 mora
1288 1419 1469 1492 hujusmodi,

413 1501 527 1557 iacietis
545 1521 562 1556 a
580 1501 688 1556 divinis
706 1509 737 1557 et
754 1519 772 1556 a
790 1503 907 1573 publica
924 1504 1088 1574 pulsatione
1116 1521 1323 1574 campanarum
1350 1503 1468 1558 cessari.

414 1586 457 1639 De
487 1585 654 1640 nominibus
685 1585 774 1640 etiam
805 1585 937 1640 omnium
969 1585 1167 1656 subjectorum
1199 1591 1362 1641 vestrorum
1387 1584 1469 1640 dicto

412 1667 537 1724 Domino
579 1667 817 1739 Archiepiscopo,
856 1674 959 1723 contra
1003 1668 1211 1724 inhibitionem
1258 1673 1465 1732 memoratam,

411 1751 573 1806 faventium
587 1755 617 1806 et
635 1750 835 1806 obedientium
855 1750 1025 1821 diligentius
1043 1751 1233 1822 inquirentes,
1256 1769 1309 1807 seu
1327 1751 1468 1806 facientes

409 1835 530 1905 inquiri,
545 1851 645 1889 omnes
657 1850 728 1905 qnos
741 1852 829 1906 super
846 1835 901 1891 hoc
913 1834 1086 1890 inveneritis
1098 1834 1260 1907 culpabiles
1278 1840 1329 1889 aut
1340 1834 1468 1888 rebelles

409 1936 462 1989 per
486 1933 640 1973 censuram
667 1917 904 1984 ecclesiasticam,
934 1925 1077 1989 quatenus
1100 1919 1149 1990 jus
1176 1916 1298 1990 patitur,
1316 1917 1465 1990 puniatis;

408 2017 549 2056 censuras
568 2002 683 2056 easdem
702 2000 811 2073 ubsque
829 2008 929 2056 nostra
955 2002 1077 2057 licentia
1093 2003 1264 2058 nullatenus
1289 2001 1464 2057 relaxantes.

409 2085 446 2138 llt
474 2102 510 2138 nc
539 2102 666 2156 prsesens
693 2085 864 2140 mandatum
891 2092 1027 2141 nostrum
1057 2085 1166 2158 saepius
1193 2087 1295 2141 iterari
1320 2091 1466 2157 oporteat,

407 2167 489 2222 vobis
508 2167 691 2240 injungimus
710 2168 845 2232 tirmiter,
866 2168 895 2223 in
916 2169 1026 2225 virtute
1053 2168 1307 2241 obedientiaeque
1324 2168 1465 2224 Ecclesiae

406 2257 513 2306 nusum
540 2252 714 2323 supradiotae
742 2252 895 2316 tenemini,
912 2257 1057 2325 quatenns
1076 2252 1175 2309 omnia
1198 2252 1364 2323 supradicta
1380 2254 1464 2307 totc¹

407 2339 538 2406 tempore
558 2335 711 2406 regiminis
730 2335 822 2390 vestri
846 2336 1021 2408 diligentius
1049 2336 1222 2402 observetis,
1243 2342 1275 2392 et
1291 2336 1405 2391 faciatis
1430 2337 1465 2390 in

406 2419 538 2474 futurum
558 2419 679 2475 firmiter
697 2419 856 2474 observari.

259 2668 367 2724 (cult)
428 2666 679 2723 4.-(lossr1sus1o
697 2667 865 2722 Tamassos
882 2667 1103 2722 Ascsrsrsscom
1121 2682 1158 2721 us
1177 2679 1322 2722 uosscms
1339 2679 1447 2718 metus

659 2767 710 2805 vnn
729 2765 913 2806 rucmsusus
930 2765 964 2804 rr
981 2765 1215 2806 numeremus

229 2887 374 2983 pptbiuhop
445 2883 478 2939 T.
511 2882 564 2939 Dei
596 2881 692 2952 gratia
722 2881 941 2937 centuariensis
970 2879 1225 2952 Amhicpbcopus
1257 2885 1311 2935 eto.
1347 2878 1463 2935 dilectis

228 2941 369 3037 mim„
411 2966 478 3021 liliis
498 2966 644 3021 Gwiberto
670 2964 765 3019 Priori
784 2969 813 3019 et
830 2965 887 3019 toti
912 2963 1076 3019 conventui
1101 2962 1240 3019 Ecclesiae
1258 2961 1368 3017 Christi
1387 2962 1462 3019 (lan-

231 3041 373 3087 ¹¹¹⁰¹¹¹⁸W¹³⁰
410 3048 574 3115 tuarieusis,
595 3047 829 3103 benedictionem
854 3065 873 3102 a
898 3047 1034 3111 Domino,
1054 3052 1085 3100 et
1101 3045 1332 3101 misericordiam
1357 3063 1375 3100 a
1400 3046 1462 3101 Deo

232 3090 289 3133 heve
298 3092 337 3135 de·

232 3143 308 3185 serres
319 3142 380 3188 their
408 3132 528 3187 salutari
545 3148 605 3187 suo.
643 3132 822 3187 Cunctorum
840 3129 1041 3203 providentiae,
1060 3130 1112 3185 sed
1129 3129 1319 3200 diligentium
1336 3130 1463 3184 maxime

227 3198 386 3290 iffiffi„
408 3216 605 3287 prelatorum,
626 3214 769 3269 incumbit
787 3212 890 3278 officio,
910 3220 945 3268 ut
961 3230 997 3269 ex
1008 3214 1172 3283 peritorum
1190 3212 1371 3283 experientia
1382 3212 1461 3267 mala

226 3292 372 3399 {fffflff‘lw
408 3298 532 3355 debeant
551 3314 715 3369 praecavere
733 3297 842 3351 intusa.
879 3296 958 3350 Hinc
975 3301 1029 3361 est,
1050 3294 1126 3368 qnod
1143 3295 1287 3350 scandalis
1305 3295 1365 3349 illis
1394 3312 1460 3364 quea

228 3393 334 3443 minuc
409 3382 516 3437 nostris
543 3380 681 3436 ridentur
706 3379 866 3449 contigisse
892 3379 1083 3450 temporibus,
1104 3396 1156 3449 per
1181 3378 1323 3449 quosdam
1348 3380 1399 3449 qui
1423 3378 1461 3433 de

228 3444 338 3543 ffiffi
408 3463 489 3519 vobis
508 3464 650 3528 exierunt,
670 3461 721 3517 sed
740 3478 773 3516 ex
791 3460 875 3517 robis
899 3478 958 3516 nou
983 3468 1076 3525 eraut,
1095 3460 1247 3516 vobiscum
1273 3461 1463 3516 vehementer

228 3543 391 3641 ilfffilffi
407 3548 520 3611 offensi,
540 3547 678 3603 adversus
706 3544 885 3617 hujusmodi,
904 3563 941 3599 ne
959 3549 1021 3600 tam
1048 3562 1125 3616 saepe
1151 3545 1332 3615 contingant,
1351 3550 1463 3616 quauta

259 3630 352 3689 ttomot
405 3646 558 3700 possumus
585 3627 782 3684 sollicitudine
801 3626 885 3683 vobis
903 3628 1094 3697 imposterum
1120 3626 1274 3698 providere
1298 3626 1460 3692 studemus,

226 3694 390 3791 ξξξιόζξιξξῃι
405 3715 512 3767 vestris
539 3729 625 3783 super
653 3711 706 3767 hoe
733 3712 824 3782 justis
852 3718 882 3765 et
907 3710 1054 3780 religiosis
1083 3709 1279 3781 petitionibus
1308 3716 1461 3779 gratanter

404 3801 578 3859 annuentes,
599 3794 660 3867 qui,
691 3793 754 3848 selo
775 3791 904 3865 justicie
931 3797 961 3847 et
987 3792 1083 3862 ignito
1113 3793 1283 3847 monasticae
1307 3790 1460 3861 religionis

403 3894 501 3933 amore
527 3877 666 3943 succensi,
687 3877 742 3931 hoo
769 3875 904 3931 unanimi
921 3875 1092 3946 postulastis
1110 3891 1241 3937 assensu,
1259 3882 1301 3939 nt,
1321 3874 1461 3930 Ecclesiae

401 3967 506 4017 restrae
524 3962 611 4017 ismae
638 3958 834 4031 providentes,
854 3957 1017 4014 occasiones
1035 3957 1196 4028 exquibus
1220 3958 1361 4028 praedicta
1378 3976 1461 4013 scan-

400 4044 467 4099 dala
492 4045 598 4115 saepius
624 4045 768 4108 oriuntur,
796 4041 874 4111 quod
908 4040 1047 4096 debemus
1072 4046 1102 4095 et
1126 4058 1290 4112 possumus,
1318 4040 1460 4096 radieims

399 4143 627 4198 amputaremus.
665 4126 790 4183 'Nostra
826 4125 928 4196 igitur,
960 4128 991 4179 et
1020 4125 1180 4194 apostolica
1210 4141 1269 4195 qua
1304 4124 1459 4194 fungimur

402 4210 590 4273 anctoritate,
634 4209 834 4281 praecipimns,
867 4212 955 4279 atque
986 4206 1019 4260 in
1048 4206 1180 4262 Ecclesia
1209 4210 1308 4262 vestra
1346 4205 1461 4262 cunctis

400 4291 562 4347 tenendum
581 4290 760 4361 temporibus
778 4296 808 4344 et
825 4293 923 4344 ratum
941 4289 1005 4342 iore
1023 4288 1079 4343 sub
1098 4289 1285 4343 anathemate
1302 4286 1458 4344 coustitui-

400 4392 475 4438 mus,
506 4380 540 4429 ut
571 4374 822 4447 quotienscunque
852 4371 1015 4443 quemlibet
1049 4372 1226 4426 monachum
1257 4371 1293 4426 de
1323 4371 1458 4427 Ecclesia

399 4462 499 4514 vestra
516 4456 687 4528 fugitivum,
707 4455 754 4510 vel
773 4454 888 4511 meritis
905 4455 967 4510 suis
984 4454 1123 4526 ejectum,
1139 4454 1202 4509 eive
1221 4454 1354 4526 quolibet
1370 4454 1459 4510 modo

400 4542 504 4597 relicto
531 4540 685 4611 religionis
702 4538 806 4595 habitu
824 4538 863 4594 ad
882 4539 1014 4595 seculum
1032 4537 1139 4603 reduc,
1159 4538 1280 4594 tendem
1297 4538 1458 4611 aliquando

400 4628 432 4679 et
450 4624 646 4695 pergratiam
665 4622 758 4694 recipi
784 4622 954 4692 contigerit,
975 4623 1006 4677 in
1030 4622 1138 4677 ultimo
1163 4622 1259 4692 gradu
1279 4623 1457 4694 recipiatur3

846 4808 854 4840 ¹
872 4812 953 4864 tonte.
962 4806 1020 4859 MS.
