3350 5800
578 889 869 963 csn‘rusurrrvsns.
1209 906 1252 967 13

201 1099 318 1161 animae
349 1098 548 1183 propitietur
579 1097 682 1178 Deus,
716 1098 935 1165 celebrabitur
964 1099 1107 1185 placabo,
1130 1098 1244 1186 diripe

201 1203 235 1263 et
269 1197 377 1263 misac
414 1221 489 1265 cum
521 1200 632 1265 sonitu
671 1220 914 1285 campanarum,
949 1200 1000 1265 ita
1037 1201 1252 1287 solempniter

199 1302 286 1367 sicut
323 1301 365 1365 ab
403 1304 541 1389 antiquo
586 1304 621 1367 in
668 1304 812 1369 Ecclesia
850 1302 974 1369 Christi
1020 1303 1251 1369 Cantuariensi

199 1404 333 1467 solitum
368 1410 419 1469 est
450 1406 628 1485 celebrari3
669 1392 760 1491 quod¹
780 1427 841 1491 pro
864 1405 968 1483 vobis,
993 1405 1134 1472 Domine
1168 1429 1251 1472 sere-

197 1505 342 1582 nissime,
377 1527 415 1571 ac
438 1508 537 1572 etiam
569 1528 630 1592 pro
660 1512 771 1573 vestra
805 1512 955 1572 consorte
977 1506 1121 1573 Domina
1154 1510 1254 1575 Anna

200 1608 326 1695 Regina
361 1609 501 1695 Angliae,
526 1630 600 1675 cum
636 1609 706 1673 dies
741 1608 852 1673 obitus
875 1614 996 1675 vestrae
1031 1610 1127 1674 nohis
1158 1612 1251 1676 inno-

200 1712 313 1789 tuerit,
336 1712 387 1777 ita
402 1711 617 1796 solempniter
638 1710 796 1775 faciemus
812 1711 970 1776 celebrari
993 1713 1089 1775 annis
1104 1712 1253 1797 singulis,

199 1813 368 1897 perpetuis
408 1811 610 1897 temporibus
648 1810 858 1875 duraturum.
918 1810 960 1874 In
998 1810 1094 1897 cujus
1131 1818 1253 1879 nostrae

199 1914 413 1977 concessionis
436 1918 470 1977 et
502 1912 728 1998 promissionis
750 1912 980 1975 testimonium
1010 1919 1112 1998 atque
1142 1914 1253 1993 fidem,

198 2012 259 2077 hes
296 2019 426 2079 nostras
462 2012 592 2077 litteras
626 2018 776 2098 patentes
809 2014 976 2077 communi
1010 2015 1118 2100 sigillo
1140 2021 1254 2081 nostro

199 2114 335 2183 fecimus
358 2115 561 2193 communiri,
577 2119 611 2180 et
633 2116 670 2179 in
693 2115 882 2200 martilogio
905 2121 1017 2181 nostro
1037 2118 1254 2203 transcriptas

205 2220 360 2284 annotari
391 2219 588 2294 curavimus,
619 2223 659 2283 ut
682 2219 718 2281 in
749 2219 805 2282 die
827 2217 940 2282 obitus
972 2219 1148 2303 cujuslibet
1181 2242 1255 2285 ves·

203 2340 292 2385 trum
314 2321 465 2387 revoluto
488 2321 525 2383 in
548 2319 704 2405 Capitulo
726 2320 920 2384 recitentur.
967 2321 1056 2385 Data
1087 2323 1123 2386 in
1157 2322 1254 2387 domo

200 2427 314 2488 nostra
352 2420 546 2510 Oapitulari,
593 2422 700 2506 primo
739 2422 793 2485 die
837 2422 960 2485 mensis
998 2422 1122 2500 Martii,
1167 2445 1254 2489 anno

201 2524 337 2590 Domini
369 2524 541 2589 millesimo
580 2536 683 2588 cccmo
713 2524 925 2609 nonagesimo
948 2525 1065 2610 primo,
1101 2530 1135 2589 et
1167 2548 1254 2591 anno

199 2626 292 2714 regni
315 2628 419 2692 vestri
442 2625 693 2711 quintodecimo.

201 2907 513 2976 950.-Concussro
536 2923 647 2973 curus
670 2924 837 2975 conuonn
854 2908 963 2977 Wrnn.
988 2911 1252 2978 Sernvuumrur
1290 2949 1320 2996 ῃ
1333 2944 1398 2996 ΜΝ,

579 3027 626 3074 nn
648 3010 863 3077 Carrucam.
1311 3017 1384 3063 1³⁹2·

1267 3105 1294 3156 S.
1307 3108 1354 3155 la.

245 3175 408 3241 Omnibus
433 3173 558 3241 Christi
581 3174 743 3258 fidelibus,
768 3182 827 3242 etc.
874 3177 1016 3243 Thomas
1038 3182 1250 3265 permissione
1264 3210 1413 3275 nechep-

199 3278 314 3343 divina
349 3277 445 3342 Prior
477 3277 632 3342 Ecclesiae
657 3277 784 3344 Christi
810 3277 1061 3346 Cantuariensis
1093 3289 1128 3348 et
1165 3285 1250 3369 ejus·
1263 3277 1390 3354 sumre

201 3381 275 3445 dem
307 3379 370 3445 loci
403 3379 606 3459 Conventus,
638 3380 780 3444 salutern
812 3381 848 3444 in
883 3381 1033 3447 Domino.
1080 3385 1250 3450 N'overitis
1262 3345 1405 3459 miii&

200 3503 267 3556 nos,
290 3481 327 3544 in
358 3480 525 3544 communi
548 3479 704 3566 Capitnlo
735 3486 856 3559 nostro,
889 3505 948 3569 pro
980 3484 1077 3549 nobis
1111 3490 1145 3551 et
1178 3509 1249 3551 suc·
1262 3477 1352 3538 md»

307 3581 313 3594 .
513 3581 519 3594 .
646 3582 651 3594 .
887 3584 894 3597 .
1261 3551 1336 3608 grant
1347 3543 1408 3594 food

200 3581 379 3648 cessonbus
417 3585 539 3646 nostrrs
578 3579 716 3658 deesse,
754 3603 958 3662 concessisse,
997 3591 1032 3650 et
1070 3609 1128 3672 per
1165 3610 1248 3674 prae·
1263 3608 1378 3660 mdfuel

201 3690 308 3748 sentes
342 3681 559 3762 confirmasse,
595 3682 762 3747 Willelmo
797 3685 1017 3772 Selkyrrdcmr
1051 3688 1091 3753 de
1124 3688 1248 3754 Cantu·
1262 3675 1424 3792 fetritarpa

201 3783 271 3849 aria
293 3803 397 3847 unum
421 3783 606 3847 corrodium
637 3785 738 3848 unius
761 3787 921 3864 monachi,
943 3787 988 3852 ad
1016 3794 1122 3854 totam
1147 3793 1251 3856 viram
1263 3757 1379 3861 &²2¹ss

201 3907 294 3951 suam
339 3883 593 3969 percipiendum,
640 3885 812 3964 videlicet„
848 3890 968 3953 cotidie
1015 3890 1096 3956 duos
1141 3877 1338 3978 paneam

202 3986 365 4060 videlicet,
388 4007 491 4050 unum
523 4007 642 4070 panem
675 3991 790 4071 pastus
812 3995 847 4054 et
877 3991 1020 4056 alterum
1053 4014 1172 4079 panem
1196 4017 1253 4060 vo·

201 4094 313 4155 catum
345 4085 514 4172 amolpaia
526 4112 538 4165 ;
575 4093 610 4151 et
633 4109 736 4152 unum
766 4089 877 4174 jouste
913 4094 1079 4159 cerevisiae
1111 4097 1254 4161 melioris

200 4212 305 4270 novae,
337 4189 541 4274 temporibus
575 4191 695 4274 quibus
728 4194 886 4258 cerevisia
922 4201 1036 4260 nostra
1067 4199 1255 4284 portabitur

201 4293 244 4359 ad
278 4291 455 4368 celarium3
489 4310 593 4353 unum
627 4291 787 4357 ferculum
822 4295 979 4379 coquinae,
1013 4318 1088 4361 cum
1122 4321 1190 4364 raca
1220 4305 1255 4364 et

202 4402 363 4461 aratermca
386 4393 534 4458 carnium
558 4393 611 4456 vel
644 4394 784 4478 piscium
808 4417 883 4460 cum
905 4399 1050 4482 potegi0‚
1074 4401 1254 4465 secundum

202 4497 291 4583 quod
322 4499 454 4582 tempus
489 4495 760 4582 expostulaverit,
794 4499 880 4563 sicut
918 4521 985 4564 nno
1016 4502 1175 4567 monacho
1213 4526 1254 4567 ex

202 4599 323 4665 nostris
381 4599 416 4661 in
467 4619 581 4663 mensa
625 4597 777 4683 Magistri
821 4602 865 4665 ad
918 4603 1095 4687 prandium
1138 4603 1255 4668 diatim

204 4703 384 4779 servietur,
424 4702 640 4766 concessimus
673 4704 771 4766 etiarn
818 4705 924 4768 cidem
967 4705 1133 4771 Willelmo
1173 4707 1254 4772 duas

204 4809 381 4872 carectatas
407 4803 511 4891 lingui
536 4804 649 4870 focalis
667 4805 775 4871 vocati
798 4805 962 4884 atrorrrbcl,
977 4809 1151 4874 annuatim
1173 4809 1255 4873 libe-
