3350 5800
412 875 454 939 54
876 894 1007 943 urrann

413 1098 527 1155 masse,
542 1076 565 1143 J
566 1078 690 1145 ohanni
714 1078 952 1147 Borchemstetl
967 1078 1156 1165 capellano,
1171 1083 1208 1145 et
1228 1076 1467 1145 successoribus

412 1180 480 1244 suis
513 1178 708 1266 Capellenis,
732 1181 768 1245 in
804 1202 921 1268 puram
952 1186 988 1247 et
1022 1187 1219 1267 perpetuam
1253 1179 1467 1246 elemosinam

411 1282 666 1367 imperpetuum,
704 1282 826 1348 dictem
866 1304 966 1349 unctu
1008 1284 1121 1348 rodam
1155 1287 1252 1348 terrae
1286 1282 1323 1346 in
1357 1286 1393 1346 et
1423 1280 1464 1344 de

411 1382 549 1469 gardino
573 1385 712 1448 manerii
735 1406 849 1449 eorum
872 1386 913 1449 de
937 1384 1111 1471 Bockyng,
1135 1407 1210 1449 cum
1246 1405 1313 1450 uno
1348 1403 1464 1448 manso

411 1486 551 1550 honesto
586 1506 684 1571 super
719 1486 844 1553 dietam
878 1486 994 1551 rodam
1026 1491 1121 1551 terrae
1156 1508 1215 1572 per
1237 1508 1290 1551 me
1313 1486 1354 1551 de
1377 1506 1465 1550 novo

412 1592 610 1664 constructe,
648 1587 749 1651 simul
782 1609 859 1653 oum
892 1587 989 1653 dictis
1022 1593 1149 1673 septem
1181 1587 1275 1652 libris
1312 1586 1466 1652 annualis

411 1689 569 1767 redditus,
593 1688 791 1755 exeuntibus
814 1690 855 1755 de
879 1690 1025 1754 monerio
1048 1689 1089 1753 de
1113 1688 1276 1775 Bockyng
1297 1688 1466 1775 praedict0,

412 1814 487 1857 oum
511 1791 664 1857 omnibus
688 1797 722 1856 et
753 1792 895 1879 singulis
930 1791 1000 1857 suis
1035 1792 1259 1878 pertinenciis,
1283 1792 1372 1857 dicto
1407 1788 1465 1856 Jo-

412 1894 516 1959 hanni
549 1893 786 1959 Barcha-msted
823 1897 858 1959 et
895 1892 1134 1960 successoribus
1172 1894 1241 1958 suis
1281 1892 1467 1979 Capellsnis

412 1994 586 2061 solvendos
609 2016 737 2081 semper
760 2002 795 2061 et
817 1996 1061 2081 imperpetuum
1094 1995 1139 2060 erl
1165 1994 1249 2060 festa
1280 1994 1466 2079 (oorrsucto)

412 2095 516 2181 aequis
555 2096 772 2181 porcionibus.
836 2097 891 2162 lte
927 2096 1017 2183 quod
1054 2097 1083 2161 si
1128 2096 1302 2183 continget
1338 2094 1467 2161 dictum

412 2199 565 2274 reditum,
589 2202 685 2263 etca
708 2203 797 2263 retro
820 2220 900 2276 esse,
916 2197 990 2264 etc.¹
1021 2198 1076 2264 Ite
1099 2220 1227 2287 semper
1250 2197 1339 2285 quod
1356 2198 1466 2263 dictus

412 2298 583 2365 Johannes
606 2300 647 2363 de
671 2299 917 2381 Barchamsted,
934 2307 968 2366 et
990 2300 1133 2387 quilibet
1156 2301 1242 2365 alius
1265 2299 1466 2387 capellanus

413 2402 627 2489 imposterum
660 2403 712 2466 sui
746 2402 992 2489 imperpetuum
1017 2423 1194 2479 successor,
1219 2402 1361 2467 firmiter
1387 2406 1466 2467 ante

413 2524 524 2570 eorum
555 2504 803 2570 institucionem
838 2504 909 2569 sive
937 2504 1164 2570 inductionem
1194 2509 1350 2570 oneretur
1381 2501 1467 2567 hanc

412 2628 519 2671 meam
539 2606 760 2691 subscriptam
784 2606 1039 2685 ordinacionem,
1072 2607 1108 2671 in
1142 2606 1297 2672 omnibus
1329 2610 1364 2670 et
1397 2604 1467 2669 suis

412 2706 552 2794 singulis
584 2706 742 2782 articulis,
775 2708 960 2785 observare,
993 2708 1168 2786 custodire,
1203 2714 1238 2774 et
1275 2706 1467 2793 adimplere.

413 2810 476 2874 Ira
519 2824 659 2873 lucrrrr.
705 2806 746 2871 In
786 2807 932 2873 Nomine
968 2808 1087 2887 Patris,
1122 2816 1156 2875 et
1190 2808 1281 2885 Filii,
1320 2813 1354 2873 et
1390 2807 1465 2895 Spi-

413 2911 498 2977 ritus
531 2911 667 2976 Sancti:
712 2911 829 2982 Amen.
878 2910 966 2992 Quia
994 2910 1061 2976 hiis
1091 2911 1208 2976 diebus
1234 2911 1342 2976 cultus
1380 2909 1466 2975 divi·

413 3034 477 3078 nus
521 3012 596 3098 plus
634 3011 800 3077 minuitur
845 3033 945 3098 quam
988 3018 1138 3100 augetur,
1171 3012 1292 3078 animas
1330 3013 1466 3077 detunc-

414 3123 533 3193 torum,
581 3115 744 3181 oblivioni
783 3117 966 3182 traduntur
1000 3117 1226 3201 quamtociens
1271 3117 1466 3182 devociones

413 3219 565 3283 vivorum
599 3217 641 3282 ab
678 3216 823 3284 ecclesiis
855 3218 931 3305 plus
963 3218 1062 3283 solito
1094 3219 1355 3284 subtrahuntur:
1394 3218 1466 3304 Ego

412 3321 521 3389 dictus
553 3319 724 3385 lohannes
758 3319 848 3385 filius
881 3320 1039 3386 Willelmi
1072 3320 1253 3386 Doreward
1285 3321 1327 3384 de
1353 3320 1463 3385 Corni-

412 3433 487 3494 tatu
518 3426 674 3502 Essexiae,
695 3426 844 3505 licencia,
870 3432 930 3493 etc.
963 3427 1111 3504 obtenta,
1144 3449 1245 3492 unam
1270 3433 1464 3514 perpetuam

411 3532 605 3606 cantariam,
630 3529 730 3593 unius
763 3527 936 3615 Capellani
960 3530 1019 3614 qui
1051 3531 1221 3620 perpetuis
1247 3529 1461 3617 temporibus,

411 3634 454 3700 ed
485 3632 641 3698 honorem
673 3637 707 3696 et
742 3631 876 3696 laudem
899 3631 974 3710 Dei,
1007 3638 1042 3697 et
1064 3631 1176 3696 &atae
1200 3631 1324 3708 Mariae,
1347 3629 1463 3697 Sancti

411 3735 574 3814 Nioholsi,
598 3733 730 3799 Sanctae
754 3731 936 3812 Kateriuae,
958 3739 993 3798 et
1015 3733 1174 3798 Omnium
1198 3733 1404 3810 Sanctorum,
1427 3734 1464 3798 in

412 3836 557 3903 Ecclesia
590 3835 773 3922 parochiali
804 3836 846 3902 de
869 3834 1029 3923 Bocking,
1049 3836 1294 3921 jurisdictionis
1316 3835 1463 3902 Cantus-

410 3939 527 4004 riensis
565 3938 774 4016 immediatae,
813 3937 931 4004 ordino
968 3944 1003 4003 et
1041 3937 1145 4004 fundo
1175 3961 1235 4024 per
1265 3945 1443 4026 praesentes
1455 3965 1464 4020 ;

411 4041 580 4127 ipsiusque
603 4039 759 4105 cantariae
778 4039 836 4124 jus
859 4044 1057 4126 potronatus
1081 4060 1121 4106 ac
1146 4040 1205 4125 jus
1227 4041 1462 4127 praesentandi,

411 4143 566 4230 quociens
592 4143 697 4228 ipsam
723 4141 832 4207 vacari
856 4141 1042 4229 contigerit,
1064 4141 1109 4208 ad
1142 4163 1195 4206 me
1227 4142 1307 4206 dum
1338 4143 1463 4221 vixero,

412 4257 447 4312 et·
469 4249 544 4330 post
567 4249 706 4310 mortem
731 4265 836 4308 meam
853 4244 896 4310 ed
912 4243 1108 4309 Katerinam
1132 4265 1270 4309 uxorem
1293 4265 1413 4324 meam,
1429 4251 1464 4309 et

412 4357 488 4434 post
503 4355 642 4411 mortem
658 4367 750 4410 suam
766 4345 810 4410 ad
824 4344 961 4411 heredes
977 4367 1066 4411 meos
1082 4345 1246 4432 legitimos
1269 4346 1321 4411 de·
1332 4367 1467 4432 corpore

412 4470 485 4514 meo
500 4454 666 4524 exeuntes,
681 4453 715 4512 et
730 4449 758 4512 si
777 4446 859 4512 tales
873 4447 1010 4514 heredes
1025 4449 1066 4512 de
1081 4469 1216 4534 corpore
1230 4469 1304 4513 meo
1313 4470 1380 4513 non
1395 4449 1465 4513 sint

412 4554 455 4620 ad
472 4553 617 4618 Priorem
633 4558 667 4617 et
684 4551 878 4638 Capitulum
899 4551 1054 4618 Ecolesiae
1071 4551 1197 4618 Christi
1214 4551 1465 4617 (lantuariensis

412 4666 446 4723 et
480 4675 677 4722 successores
707 4675 791 4732 suos,
819 4654 894 4719 volo
921 4654 1163 4742 imperpetuum
1190 4655 1363 4741 pertinere.
1409 4654 1464 4720 Ite

491 4854 499 4888 ¹
518 4855 611 4906 clause
622 4852 770 4921 permitting
787 4851 904 4904 distrsiut
915 4854 956 4905 tor
966 4869 1071 4918 arrears,
1084 4853 1111 4905 in
1122 4855 1165 4906 the
1176 4869 1295 4907 common
1306 4855 1380 4906 torn.
