3350 5800
428 895 491 956 222
882 909 1016 957 urnas

424 1078 562 1143 ulterius
606 1079 669 1143 loci
703 1079 738 1142 in
783 1100 850 1164 quo
895 1079 1021 1166 Regem
1075 1081 1191 1144 sedere
1232 1082 1420 1167 contingat,
1460 1088 1496 1144 et

424 1201 507 1244 crux
542 1181 759 1245 Eboraeensis
792 1203 835 1246 ex
867 1182 1005 1247 sinistra
1042 1183 1200 1268 pertesi
1238 1181 1494 1249 cantuariensis

425 1307 570 1372 praesens
602 1286 715 1362 fuerit,
739 1292 928 1373 reponetur.
975 1288 1017 1352 In
1039 1289 1188 1354 consiliis
1214 1311 1306 1368 vero,
1329 1311 1493 1355 convoca-

425 1389 582 1463 tionibus,
605 1410 664 1452 seu
697 1388 778 1452 locis
812 1389 887 1453 aliis
919 1389 1173 1475 quibuscunque
1197 1391 1380 1477 inquibus
1405 1389 1492 1456 Cen·

424 1489 625 1554 tuariensem
660 1494 694 1554 et
729 1489 970 1556 Eboracensem
1002 1491 1278 1577 Archiepiseopos
1311 1494 1492 1558 convenire

424 1593 605 1677 contingat,
629 1591 792 1657 Dominus
826 1591 1107 1679 Arebiepiscopus
1141 1592 1396 1660 cantuariensis
1430 1617 1492 1680 pro

425 1701 573 1778 tempore
611 1695 757 1759 existens
803 1695 949 1779 primum
993 1695 1112 1774 locum,
1157 1717 1218 1760 seu
1250 1696 1364 1761 sedem
1407 1698 1490 1760 emi·

426 1795 617 1870 nentiorem,
658 1795 875 1860 Eboracensis
909 1818 989 1860 vero
1022 1797 1126 1861 alium
1161 1798 1270 1862 locum
1305 1799 1490 1863 secundum

425 1895 684 1974 eminentiorem,
724 1897 875 1962 obtinere
914 1898 1092 1963 debebunt
1155 1897 1370 1965 Cruciferarii
1408 1921 1490 1964 vero

423 2001 565 2064 duorum
597 1999 928 2085 Amhiepiseoporum
960 2001 1206 2086 praedictorum,
1239 2023 1316 2066 cum
1354 2003 1392 2066 in
1429 2004 1489 2066 via

422 2101 492 2166 latu
515 2107 549 2166 et
572 2102 691 2187 ampla,
715 2102 773 2166 ubi
805 2123 918 2168 cruces
952 2123 1068 2166 eorum
1100 2103 1201 2166 simul
1235 2103 1409 2188 potuerint
1430 2104 1489 2168 de·

423 2203 509 2280 ferri,
547 2203 774 2282 convenerint,
812 2225 924 2270 eruces
970 2205 1061 2289 ipsus
1099 2205 1297 2283 deferentes,
1335 2205 1489 2270 inoedere

424 2305 523 2368 simul
556 2305 687 2382 debent,
714 2305 771 2369 sed
806 2305 843 2369 in
877 2304 1021 2370 introitu
1053 2305 1251 2383 hostiorum,
1272 2305 1328 2369 vel
1351 2305 1388 2368 in
1410 2306 1487 2372 aliis

425 2405 503 2470 loeis
541 2405 666 2470 strictis
704 2405 826 2490 quibus
864 2406 965 2470 simul
999 2427 1112 2471 cruces
1144 2405 1267 2470 deferri
1305 2412 1488 2491 nequeunt,

424 2527 507 2571 crux
530 2505 676 2591 ejusdem
700 2506 837 2572 Domini
852 2505 1104 2572 Cantuariensis
1128 2506 1379 2594 Archiepiscopi
1401 2529 1486 2594 pras·

423 2609 526 2684 cedet,
550 2615 584 2674 et
606 2609 696 2673 'crux
720 2609 936 2674 Eboracensis
970 2609 1223 2695 Archiepiscopi
1256 2610 1486 2695 subsequetur,

423 2710 463 2774 In
486 2733 626 2796 quorum
649 2711 796 2774 omnium
829 2711 1060 2776 testimonium
1083 2716 1118 2776 et
1148 2711 1259 2791 fidem,
1281 2733 1344 2776 nos
1368 2712 1485 2777 Simon

423 2811 673 2876 Cautumiensis
707 2817 742 2877 et
773 2812 946 2877 Johannes
979 2812 1197 2877 Eboracensis
1231 2812 1486 2900 Archiepiscopi

422 2913 532 3000 sigilla
569 2920 682 2979 nostra
720 2914 860 2979 fecimus
898 2914 964 2979 hiis
1002 2914 1135 3001 apponi.
1181 2913 1272 2979 Data
1294 2915 1331 2978 in
1353 2916 1483 3001 palatio

422 3018 511 3104 regio
556 3018 645 3102 apud
684 3016 1016 3083 westmonasterium
1054 3017 1213 3081 vicesimo
1257 3017 1313 3081 die
1360 3019 1484 3082 mensis

421 3117 547 3205 Aprilis
571 3142 658 3183 anno
682 3118 816 3183 Domini
841 3118 1050 3184 nocemur)

252 3212 379 3330 Rhea,
464 3224 512 3288 Et
537 3222 607 3310 Ego
631 3221 816 3287 Willelmus
855 3222 1004 3297 Bradlee,
1043 3221 1283 3287 Wintoniensis
1322 3223 1482 3301 dioecesis,

254 3318 407 3399 attestation.
421 3328 581 3412 publicus,
622 3326 803 3411 apostoliea
848 3325 1059 3401 auctoritate,
1095 3325 1255 3401 notarius
1302 3326 1482 3411 praemissis

421 3429 573 3493 omnibus
608 3434 643 3490 et
677 3426 828 3512 singulis
844 3426 907 3490 sub
938 3446 1035 3503 anno,
1059 3424 1249 3501 indictione,
1273 3426 1483 3510 pontificatu,

420 3552 539 3606 mense,
563 3529 624 3604 die,
650 3534 684 3593 et
707 3530 776 3593 loco
800 3526 978 3613 praedictis,
1003 3526 1051 3591 sie
1074 3532 1113 3590 ut
1135 3526 1365 3611 premittitur,
1388 3529 1481 3607 actis,

420 3634 530 3717 gestis,
554 3637 589 3697 et
611 3630 747 3708 habitis,
771 3650 915 3694 unacum
943 3628 1042 3694 dictis
1077 3627 1221 3692 testibus
1255 3648 1400 3711 praesens
1429 3629 1481 3693 in-

420 3734 531 3805 terfui,
563 3754 666 3817 eaque
698 3731 810 3795 omnia
842 3736 877 3795 et
910 3729 1043 3815 singula
1076 3728 1123 3793 sic
1154 3728 1227 3792 fieri
1250 3728 1332 3805 vidi,
1354 3730 1481 3814 scripsi,

422 3842 456 3899 et
487 3836 523 3899 in
557 3835 642 3900 hene
677 3833 844 3921 publicem
875 3832 1016 3896 formam
1050 3829 1172 3917 redegi,
1206 3850 1347 3914 meoque
1381 3830 1478 3917 signo

419 3938 558 4023 signavi,
582 3937 617 4001 in
651 3936 750 3999 fidem
791 3940 826 3999 et
857 3933 1086 3999 testimonium
1124 3932 1378 4017 praemissorum
1433 3933 1478 3997 Et

420 4040 491 4126 Ego
513 4041 622 4105 Adam
657 4040 698 4104 de
722 4038 850 4115 Hilton,
874 4036 1011 4102 clericus
1034 4034 1295 4100 Liehefeldensis
1319 4034 1478 4113 dioecesis,

419 4143 578 4227 publicus,
611 4140 789 4227 apostolica
823 4145 859 4205 et
890 4137 1054 4223 imperiali
1085 4136 1295 4213 auctoritate,
1317 4138 1475 4214 notarius,
1520 4188 1525 4198 .

419 4244 597 4329 praemissis
627 4242 781 4307 omnibus
812 4249 847 4307 et
876 4240 1016 4325 singulis
1046 4239 1127 4302 dum
1157 4245 1197 4303 ut
1227 4239 1284 4317 sic,
1314 4246 1355 4305 ut
1393 4261 1475 4325 prae·

421 4346 578 4423 mittitur,
603 4350 781 4432 egerentur
811 4348 846 4408 et
877 4343 1004 4418 fierent,
1028 4360 1172 4404 unacum
1204 4339 1368 4426 Magistro
1395 4341 1475 4406 Wil-

420 4448 517 4512 lelmo
548 4447 678 4511 notario
716 4446 848 4532 publico
886 4450 921 4509 et
957 4442 1101 4508 testibus
1139 4442 1377 4526 suprascriptis
1413 4443 1474 4507 sub

418 4572 516 4625 anne,
531 4554 589 4615 ete
607 4569 750 4633 praesens
773 4545 919 4621 interfui,
935 4565 1039 4630 eaque
1054 4543 1101 4607 sie
1123 4539 1197 4605 fieri
1213 4542 1284 4605 vidi
1301 4547 1336 4607 et
1349 4542 1472 4623 audivi,

417 4674 455 4717 ac
483 4651 560 4716 huic
584 4648 716 4735 publico
743 4648 965 4712 instrumento
991 4666 1044 4708 me
1069 4642 1257 4728 subscripsi,
1281 4648 1315 4707 et
1342 4642 1471 4729 signum

417 4775 527 4818 meum
565 4751 702 4837 apposui
737 4754 940 4823 consuetum,
978 4747 1014 4810 in
1052 4744 1282 4810 testimonium
1325 4746 1469 4830 praemis·

416 4854 554 4921 ΒοιᾞιῃῖἸ
