3350 5800
574 833 868 881 casrvaarsssas
1207 816 1250 877 49

183 1017 247 1079 ete
273 1017 376 1081 vestri
403 1018 544 1082 humiles
567 1024 602 1084 et
626 1019 738 1083 devoti
763 1022 910 1083 oratores
932 1037 972 1081 ao
993 1015 1081 1102 ligei,
1105 1014 1249 1079 Thomas
1261 1022 1367 1073 mune

186 1116 466 1205 archiepiscopus
491 1119 645 1185 Ecclesiae
669 1128 789 1185 vestrae
813 1118 1074 1194 Cantuariensis,
1091 1138 1130 1181 ac
1152 1115 1247 1180 Prior
1259 1090 1372 1209 Q?
1383 1088 1414 1139 οἱ

184 1222 224 1281 et
247 1216 444 1306 Capitulum
478 1222 634 1307 ejusdem,
659 1221 862 1286 reverentias
894 1220 1031 1297 debitas,
1055 1241 1094 1285 ao
1116 1223 1246 1283 nostras
1258 1223 1324 1288 bury
1335 1222 1401 1271 offer

186 1340 346 1403 personas
370 1328 405 1387 et
428 1344 479 1387 res
512 1324 553 1387 acl
585 1323 792 1409 beneplacita
824 1323 910 1388 tanti
935 1321 1043 1407 Regis.
1088 1320 1178 1385 Dum
1202 1288 1420 1405 adfflfissssi',

186 1428 337 1487 mentem
376 1425 578 1489 revolvimus
617 1430 700 1510 quot
732 1430 767 1489 et
801 1423 936 1509 quantis
972 1423 1091 1509 gratiis
1129 1422 1247 1487 innata
1257 1420 1417 1487 ΜΘΝ

188 1530 312 1589 vestrae
336 1526 543 1591 celsitudinis
565 1526 757 1613 benignitas
789 1548 850 1589 nos
873 1531 909 1590 et
931 1531 1074 1589 vestram
1100 1522 1248 1589 Cautus-
1256 1488 1395 1605 mid

186 1624 334 1691 riensem
350 1626 529 1693 Ecclesiam
547 1628 773 1705 communivit,
790 1628 826 1691 in
841 1648 909 1712 qua
925 1626 1040 1713 religio
1056 1624 1248 1691 Christiana
1258 1622 1302 1672 ¹¹²⁰
1313 1621 1392 1687 ffissss

187 1726 285 1811 regni
318 1735 440 1795 vestrae
463 1730 594 1816 anglia
626 1730 781 1815 primitus
813 1728 1005 1807 inchoavit3
1039 1734 1073 1792 et
1104 1726 1248 1812 qualiter
1259 1702 1367 1818 {iffi

188 1834 310 1894 contra
324 1830 549 1897 Iollardorum
568 1830 721 1907 insultus,
737 1833 770 1894 in
788 1831 1025 1896 exaltationem
1041 1828 1119 1893 fidei
1135 1828 1246 1893 catha·
1259 1822 1315 1938 {pat
1326 1819 1405 1935 Ἓξ

189 1929 274 2007 licse,
290 1934 480 2000 resistencia
504 1934 760 2020 magnificencia
783 1942 905 1999 vestrae
928 1932 1035 1997 indies
1057 1953 1092 1996 se
1115 1952 1247 1995 murum
1260 1888 1367 2019 pisia,

190 2031 393 2099 defensionis
417 2038 573 2121 opponit;
597 2036 733 2122 dignum
759 2035 1004 2101 consideramus
1031 2038 1066 2097 et
1088 2033 1247 2109 debitum,
1260 2018 1368 2138 m}

191 2154 268 2197 cum
293 2136 333 2199 ad
358 2138 554 2223 condignam
579 2139 833 2203 retributionem
866 2136 1013 2202 sufficere
1036 2156 1248 2220 nequeamus,
1261 2105 1401 2203 hieroam

191 2235 353 2301 bonorum
378 2241 525 2304 omnium
548 2239 754 2305 Retributori
787 2261 899 2324 preces
932 2260 993 2324 pro
1024 2237 1119 2302 vobis
1142 2236 1247 2300 effun-
1261 2218 1371 2337 {fflj

191 2336 269 2402 dere
293 2359 359 2402 non
383 2362 583 2405 cessaremus
598 2340 629 2418 ;1
666 2347 701 2405 et
723 2341 930 2406 considerato
953 2338 1145 2403 mentaliter
1168 2341 1249 2422 quot
1261 2356 1316 2405 rue
1326 2350 1392 2401 oser

192 2462 414 2525 expensarum
438 2464 537 2508 onera
562 2448 672 2508 vestra
695 2442 815 2529 regalis
838 2442 1059 2527 providentia,
1073 2461 1134 2526 pro
1157 2448 1249 2503 tran·
1262 2425 1406 2537 fflssn

191 2543 360 2628 quillitate
383 2546 476 2631 regui
492 2551 527 2609 et
543 2546 737 2632 anglicanae
758 2544 917 2621 Ecclesiae,
935 2543 1118 2608 necessario
1133 2540 1249 2615 subiit,
1261 2553 1337 2631 mede
1347 2549 1409 2600 viti

193 2644 272 2711 hinc
307 2653 342 2711 et
380 2648 465 2727 inde,
489 2648 577 2713 bona
611 2668 687 2732 quae
724 2647 822 2712 dietae
856 2651 975 2710 vestrae
999 2642 1249 2709 cantuariensis
1261 2625 1408 2751 {hffifgn

194 2746 347 2813 Ecclesiae
370 2756 450 2814 sunt
472 2757 506 2814 et
522 2756 643 2826 nostra,
660 2750 779 2833 quibus
803 2750 836 2812 in
861 2747 983 2813 vestris
998 2745 1250 2811 necessitatibus
1264 2754 1358 2831 wenna

192 2868 326 2934 parcere
359 2871 423 2914 non
458 2850 657 2927 curabimus,
680 2852 714 2915 in
749 2849 1040 2936 supportueionem
1074 2853 1247 2913 tantorum
1263 2835 1397 2883 manage.

193 2971 329 3015 onerum
352 2954 508 3038 graciosa
532 2959 652 3018 vestrae
668 2953 837 3017 offerimus
859 2950 1051 3035 majestati3
1074 2949 1249 3014 humilimo

193 3054 419 3139 supplicantes
441 3055 571 3133 affectu,
596 3055 754 3140 quatinus
777 3055 883 3140 ipsam
916 3051 1096 3118 Ecclesiam
1119 3056 1155 3115 et
1177 3050 1249 3135 ejus

194 3155 373 3230 ministros,
398 3156 522 3221 divinis
557 3157 752 3220 insudantes
787 3154 962 3238 obsequiis,
986 3159 1058 3218 tam
1091 3152 1135 3216 ob
1157 3173 1249 3214 reve·

193 3256 337 3320 rentiam
362 3257 477 3324 Sancti
500 3258 635 3324 Thomae
660 3257 808 3322 Mentiris
832 3259 889 3342 qui
913 3279 984 3322 eam
1015 3256 1174 3320 effusione
1196 3255 1248 3319 sui

194 3358 279 3423 sacri
311 3361 483 3446 sanguinis
517 3361 732 3436 consecravit,
756 3381 856 3444 quam
890 3359 992 3424 etiam
1027 3357 1070 3422 ob
1101 3378 1248 3422 amorem

195 3460 487 3545 precellentissimi
524 3461 687 3548 Principis
722 3463 827 3546 patris
864 3460 967 3523 vestri
1000 3457 1157 3534 defuncti,
1190 3457 1249 3542 qui

194 3561 294 3625 etiam
319 3561 425 3647 ipsam
443 3561 621 3628 Ecclesiam
645 3583 705 3627 sue
721 3561 903 3626 venerabili
919 3559 1091 3645 sepultura
1107 3559 1248 3635 decorat,

196 3662 456 3748 subprincipali
480 3668 515 3728 et
537 3665 685 3750 graciosa
712 3665 917 3749 protectione
950 3659 1119 3749 [vestra],²
1149 3660 1249 3725 solita

196 3764 411 3850 benignitate,
434 3768 598 3851 suscipere
622 3765 806 3853 dignemini
838 3764 1092 3829 commendatos.
1139 3763 1247 3826 Muni-

196 3865 365 3932 {icamiam
391 3875 534 3932 vestram
559 3873 733 3934 conservet
757 3873 791 3932 et
822 3867 947 3953 dirigat
970 3864 1189 3950 Omnipotens
1214 3867 1249 3928 in

198 3970 413 4054 prosperitate
437 3971 561 4034 votiva
608 3971 708 4033 Anno
732 3968 867 4033 Domini
900 3981 1013 4031 mccc.
1038 3967 1250 4052 nonagesimo

197 4075 298 4135 sexto.

233 4326 239 4358 ¹
258 4341 388 4384 cessemus,
399 4323 456 4375 MS.
733 4323 738 4390 Ι
786 4321 797 4354 ²
815 4331 907 4384 taratra,
918 4337 970 4372 om.
984 4321 1040 4370 MS.
