3350 5800
874 904 1009 961 Uim

270 1166 374 1228 ³1M¹o
506 1172 702 1238 llos-Du
726 1188 929 1239 nonsrioss
952 1190 1103 1240 usssnu
1125 1189 1174 1239 nn
1196 1174 1366 1241 Psnrnun

241 1236 360 1377 §.³¹32
831 1291 1042 1342 rnosrssm.

241 1473 373 1525 Notusve
459 1438 641 1514 Univeisis
695 1444 755 1503 etc.
812 1437 1007 1515 Willelmus,
1065 1446 1125 1505 etc.
1169 1440 1266 1507 Prior
1312 1441 1471 1507 Ecclesiae

241 1539 329 1656 ffiee
341 1606 369 1654 of
414 1538 540 1605 Christi
588 1540 850 1617 Contuoriensis,
885 1548 945 1605 eto.
980 1542 1131 1607 sulutem.
1202 1542 1346 1608 Noverit
1393 1544 1471 1606 uni-

241 1672 324 1721 Arch-
415 1644 554 1707 versitas
578 1648 698 1720 vestm,
737 1642 826 1727 quod
864 1664 940 1707 cum
978 1642 1083 1709 felicis
1114 1645 1281 1709 memorioe
1319 1664 1473 1709 reveren-

241 1738 398 1854 mimam
411 1743 568 1809 dissimus
592 1746 627 1807 in
644 1742 779 1809 Christo
795 1750 893 1830 pater
915 1749 950 1810 et
972 1746 1128 1810 dominus
1145 1745 1310 1811 Dominus
1325 1746 1472 1811 Thomas

241 1872 341 1921 enuow-
412 1845 621 1933 Bourgchier,
661 1866 768 1931 nuper
806 1844 939 1911 Sanctae
975 1846 1134 1911 Romsnae
1169 1846 1323 1912 Ecclesiae
1353 1844 1470 1912 Gurdi-

240 1938 396 2066 ffiiiiiity
411 1948 496 2012 nutis
529 1956 652 2012 nostroe
697 1946 950 2012 Osntuoriensis
994 1948 1147 2012 Ecclesiae
1182 1948 1471 2035 Archiepisoopus,

239 2068 266 2119 in
279 2070 386 2121 canter.
411 2048 536 2113 dudum
560 2050 595 2112 in
619 2048 755 2114 ecclesie
777 2055 891 2113 nostre
914 2047 1149 2114 cantuariensi
1180 2051 1340 2136 praedicta
1362 2071 1470 2135 quan·

239 2136 393 2261 Egr‘ffig
411 2152 488 2216 dum
511 2150 757 2230 cauteriando
781 2170 848 2214 unu
871 2150 972 2214 misso
992 2151 1150 2235 quotidie,
1166 2152 1208 2215 ud
1232 2150 1336 2216 altare
1351 2151 1472 2218 Sancti

239 2267 309 2318 ofits
322 2284 361 2318 rs
412 2252 573 2337 Stephani
597 2252 632 2315 in
655 2256 750 2337 purte
776 2250 893 2315 boriali
916 2251 1095 2335 superioris
1117 2250 1270 2331 coclesiae,
1287 2274 1346 2338 per
1361 2273 1470 2317 unum

240 2342 363 2465 iffityu
412 2354 452 2420 de
477 2352 716 2419 commonachis
751 2353 874 2417 nostris
906 2352 1104 2418 celebrande
1126 2346 1330 2431 fundaverit,
1356 2364 1392 2420 et
1414 2357 1469 2419 in-

240 2468 330 2531 Heury
411 2478 511 2542 super
534 2456 691 2520 statuerit
714 2456 802 2520 diem
826 2455 1092 2521 anniversarium
1114 2456 1167 2519 sui
1191 2456 1303 2521 obitus
1327 2456 1470 2543 singulis

239 2533 396 2649 {ffianor
410 2560 515 2635 annis,
551 2580 610 2644 per
644 2580 703 2623 nos
738 2562 773 2622 et
804 2577 1004 2622 successores
1034 2564 1175 2631 nostros,
1212 2558 1470 2625 centuariensis

239 2666 268 2716 of
280 2666 354 2715 Pam·
411 2660 566 2727 Ecclesiae
589 2659 776 2736 monachos,
794 2680 869 2724 cum
895 2666 986 2723 certe
1009 2658 1264 2724 elemosinarum
1288 2660 1469 2745 largitione

239 2732 306 2789 field,
318 2732 383 2781 from
512 2762 530 2777 ..
769 2760 789 2775 ..

239 2798 395 2848 ivheneethe
411 2769 444 2826 et
476 2762 551 2826 slus
586 2762 808 2825 observantiis
845 2766 1003 2845 perpetuo
1036 2759 1278 2825 onsecrandum
1314 2766 1350 2825 et
1381 2762 1468 2827 cele·

239 2864 338 2916 income
410 2863 583 2940 hiandum,
609 2866 651 2940 et,
675 2863 717 2928 ud
735 2884 836 2927 onero
859 2861 1048 2946 hujusmodi
1072 2862 1230 2928 conterite
1253 2864 1468 2929 etnnniver-

239 2932 398 2981 ostheohnn·
467 2968 486 2982 ..
876 2965 883 2980 .
1236 2965 1244 2980 .

239 3006 280 3062 „y
294 3013 343 3048 ,m
411 2989 489 3032 seru
505 2965 740 3052 supportanda,
759 2985 942 3028 manerium
959 2965 1001 3028 de
1017 2964 1188 3041 Pounfeld,
1200 2965 1298 3029 ahter
1313 2971 1467 3030 vocatum

238 3063 365 3180 323¹in
412 3069 599 3135 Priorotum
624 3069 664 3133 de
690 3065 864 3144 Paunield,
888 3067 923 3130 in
947 3065 1121 3132 Comitetu
1144 3067 1291 3133 Essexiie
1313 3069 1408 3133 nobis
1430 3075 1468 3133 et

238 3197 300 3260 dury
315 3212 396 3247 amor·
410 3175 652 3241 successoribus
675 3174 798 3237 nostris
823 3173 953 3237 dederit
976 3179 1011 3237 et
1033 3173 1239 3250 concesserit,
1262 3195 1301 3238 nc
1334 3173 1409 3238 dori
1430 3182 1468 3240 et

238 3261 371 3378 ffi’sbm
413 3277 548 3342 concedi
582 3275 705 3350 fecerit,
740 3278 842 3360 prout
875 3296 935 3359 per
970 3281 1096 3339 cartam
1133 3274 1211 3338 inde
1250 3275 1467 3360 [confectum]

239 3395 385 3444 afterwards
410 3381 539 3466 plenius
573 3379 699 3463 liquet3
731 3377 809 3461 quia
843 3384 953 3440 tamen
989 3399 1049 3462 per
1086 3377 1341 3462 inquisitionem
1388 3379 1468 3445 inde

238 3461 381 3578 ffidssg'e„
411 3483 529 3548 foetum
557 3485 670 3566 posteo
692 3485 900 3564 compertum
923 3486 982 3556 est,
1006 3479 1095 3564 quod
1119 3480 1247 3544 dictum
1279 3483 1468 3547 manerium

239 3592 321 3682 innthe
410 3585 480 3649 sive
504 3583 679 3669 prioratus,
703 3587 942 3666 temporeque
973 3579 1111 3646 ecclesie
1133 3581 1294 3668 proedicto
1315 3605 1376 3670 per
1397 3584 1469 3651 dic-

238 3658 344 3776 {2522
410 3691 483 3750 tum
509 3685 691 3750 Dominum
716 3682 927 3748 Cordinslem
953 3687 986 3747 et
1010 3684 1164 3748 feofl'atos
1187 3683 1231 3748 sd
1265 3683 1336 3770 ejus
1368 3707 1468 3751 usum

238 3791 281 3842 the
295 3791 355 3840 time
410 3787 488 3852 inde
527 3785 634 3872 primo
673 3785 788 3849 seisitu.
827 3790 887 3860 est,
922 3785 1051 3849 virtute
1082 3785 1254 3871 cujusdem
1289 3793 1383 3852 octus
1414 3810 1468 3853 re-

237 3857 373 3974 fflssiw
410 3887 610 3974 sumptionis
646 3887 682 3950 in
721 3885 946 3952 Perliomento
981 3891 1076 3951 tento
1111 3886 1200 3973 apud
1243 3886 1467 3955 Westmouss.

238 3989 364 4050 tionum
410 3992 541 4068 terium,
589 4011 677 4054 anno
717 3989 811 4076 regni
861 3988 1017 4054 Edwsndi
1059 3990 1172 4076 quarti
1211 4011 1319 4078 nuper
1366 3991 1468 4082 Regis

238 4057 375 4190 mi?
409 4093 540 4179 Angliae
586 4090 790 4168 duodecimo,
812 4095 908 4156 sexto
941 4090 994 4155 die
1027 4089 1196 4169 Octobris,
1218 4093 1312 4171 secti,
1333 4093 1468 4160 eratin

239 4189 364 4306 QG&
409 4215 510 4260 manu
534 4192 682 4278 ejusdem
707 4193 816 4278 Regis,
840 4197 876 4258 et
897 4192 945 4258 sic
966 4213 1072 4276 usque
1103 4193 1300 4259 vicesimum
1330 4202 1466 4262 sextum

240 4322 315 4383 vum
333 4325 379 4372 but
410 4297 498 4361 diem
521 4294 675 4360 anuarii
699 4315 785 4359 enno
802 4293 946 4378 septimo
967 4294 1062 4380 regni
1084 4295 1351 4362 metuendissimi
1364 4297 1467 4386 Regis

239 4390 376 4506 33¹3&
409 4397 515 4464 nostri
538 4397 595 4482 qui
618 4416 706 4460 nunc
730 4399 780 4458 est
803 4394 973 4471 remansit,
996 4401 1129 4461 constat
1159 4396 1286 4461 donum
1319 4411 1354 4465 et
1388 4420 1467 4466 oon·

239 4521 355 4574 sorsuit
409 4499 589 4568 cessionem
612 4497 806 4584 praediotsm
830 4496 961 4560 nullum
992 4496 1148 4562 habuisse
1170 4499 1280 4576 robur,
1303 4505 1338 4564 et
1359 4501 1467 4586 ipsius

238 4589 322 4640 ΜΘ
410 4624 516 4690 nuper
548 4599 736 4668 Cardinelis
769 4597 860 4684 pium
894 4621 934 4664 nc
965 4599 1121 4665 devotum
1144 4601 1377 4680 intentionem,
1399 4603 1467 4668 nisi

237 4653 358 4772 ,ffi’
410 4704 587 4791 singularis
612 4698 842 4766 munificentie
863 4700 1064 4764 serenissimi
1087 4702 1224 4765 Domini
1249 4702 1350 4789 Regis
1378 4726 1468 4771 uunc

237 4789 396 4851 ²⁰⁰⁰Pt²⁶³⁸
409 4807 655 4883 intervenisset,
693 4803 798 4868 tuisse
845 4801 1053 4879 frustratam,
1102 4825 1141 4868 oc
1180 4803 1335 4892 deinceps
1374 4808 1468 4873 omni
