3350 5800
573 876 865 929 caaruaarnrsrs.
1205 870 1246 933 23

195 1064 229 1123 ct
262 1060 471 1127 Conventum
496 1060 649 1127 Ecclesiae
685 1060 809 1126 Christi
834 1062 1092 1141 (bawariensis,
1116 1083 1244 1127 necnon

194 1158 382 1227 iohannem
409 1163 524 1247 Denys
548 1162 756 1227 fundatorem
789 1163 890 1248 hujus
916 1164 1081 1240 cantariae,
1104 1170 1139 1228 et
1161 1186 1245 1249 prae·

193 1264 287 1347 cipue
325 1264 470 1329 animam
508 1262 687 1329 Christinae
719 1264 832 1328 uxoris
871 1286 962 1340 meae,
1000 1272 1035 1329 et
1068 1271 1244 1349 parentum

193 1370 388 1443 nostrorum,
411 1371 446 1431 et
469 1366 619 1451 Magistri
643 1365 780 1431 Roberti
805 1365 951 1451 Solbury
973 1388 1081 1452 nuper
1095 1368 1245 1433 Rectoris

193 1467 291 1532 <lictae
323 1468 464 1534 ecclesiae
502 1468 542 1532 de
582 1467 711 1542 Ikham,
745 1467 881 1532 Thomae
916 1468 956 1532 de
996 1469 1075 1545 Bae,
1109 1469 1246 1534 Domini

196 1568 352 1633 Willelmi
385 1570 516 1635 Northo
546 1569 717 1655 capellani,
741 1568 877 1634 Thomae
907 1569 999 1655 Peuy
1022 1576 1057 1635 et
1079 1570 1245 1636 dohannae

195 1671 308 1735 uxoris
338 1672 419 1755 ejus,
450 1670 584 1735 Thomas
623 1670 830 1755 Garwynton
864 1670 905 1734 de
939 1670 1053 1747 Welle,
1087 1670 1245 1735 Willelmi

194 1776 265 1836 atte
292 1772 423 1851 llarton,
448 1773 584 1837 Domini
606 1772 772 1837 Johannis
807 1773 969 1858 Depynge
1004 1773 1165 1859 capellani
1188 1774 1246 1858 qui

194 1872 236 1937 ed
267 1873 391 1940 dictam
414 1875 597 1940 cantariam
621 1874 744 1960 viginti
770 1873 892 1938 solidos
916 1874 1069 1951 contulit,
1092 1875 1155 1940 sub
1188 1876 1246 1939 illa

193 1974 388 2053 intentione,
412 1976 500 2061 quod
523 1975 663 2061 quilibet
694 1976 845 2040 sacerdos
869 1976 968 2041 dictae
990 1979 1148 2042 cantariae
1170 1984 1246 2063 post

193 2076 421 2143 admissionem
447 2100 539 2143 suam
565 2079 684 2163 viginti
708 2078 831 2143 solidos
854 2079 896 2143 de
928 2080 1163 2163 praedecessorc
1185 2102 1245 2145 suo

193 2178 329 2264 recipiet
352 2186 386 2245 et
416 2180 545 2244 eosdem
580 2179 730 2244 dimittet
761 2181 939 2245 successori
969 2202 1030 2245 suo
1052 2181 1246 2247 immediato

194 2279 329 2359 ibidem,
353 2288 387 2347 et
409 2282 457 2346 sic
479 2281 658 2349 successive
683 2281 935 2366 imperpetuum.
983 2281 1089 2347 Item:
1112 2284 1188 2348 volo
1210 2288 1246 2348 et

195 2383 311 2447 ordino
345 2386 433 2469 quod
468 2382 609 2469 quilibet
633 2382 834 2468 Capelianus
866 2382 966 2448 dictae
989 2384 1156 2462 cantoriae,
1187 2385 1245 2471 qui

196 2490 245 2549 est
267 2490 303 2550 et
326 2486 382 2570 qui
406 2486 470 2550 erit
493 2507 552 2571 pro
575 2490 732 2571 tempore,
756 2484 896 2571 singulis
926 2485 1043 2550 diebus
1065 2508 1139 2551 cum
1162 2508 1245 2573 prae-

196 2608 269 2652 sens
307 2587 418 2663 firerit,
453 2592 600 2653 cessante
648 2586 886 2670 impedimento
930 2587 1133 2667 rationabili,
1163 2588 1245 2654 cele-

197 2688 307 2754 brabit
330 2691 463 2755 missam
495 2690 531 2752 in
555 2688 645 2753 dicta
667 2688 862 2766 ecclesiast
895 2688 962 2755 alia
984 2689 1100 2755 divina
1132 2711 1247 2756 secun·

196 2791 275 2855 dum
309 2812 404 2855 usum
430 2790 547 2856 Sarum
583 2790 677 2866 dicet,
710 2812 770 2856 nco
804 2790 881 2855 volo
915 2792 1005 2876 quod
1036 2791 1128 2857 aliud
1163 2813 1247 2858 onus

196 2892 382 2958 celebrandi
418 2915 517 2978 quam
551 2913 634 2958 onus
665 2892 857 2979 hujusmodi
891 2893 1048 2959 cantariae
1078 2894 1247 2971 admittat,

196 3017 257 3060 nec
303 2995 502 3082 Capelianus
540 2994 738 3080 parochialis
776 2994 900 3060 ibidem
945 2995 1077 3062 existat.
1140 2995 1247 3061 Item:

197 3097 273 3162 volo
318 3097 405 3183 quod
451 3097 486 3160 in
531 3097 645 3162 eadem
702 3097 852 3161 cantaria
897 3097 1113 3182 personaliter
1168 3097 1248 3162 resi·

198 3201 284 3278 deat,
329 3221 367 3266 ac
427 3221 551 3264 moram
591 3199 704 3264 trahat
749 3199 943 3264 continuam
999 3199 1087 3264 infra
1142 3201 1248 3284 ipsam

197 3302 395 3389 parochiam,
429 3301 573 3385 aliquem
617 3322 768 3365 mansum
814 3300 962 3385 ejusdem
995 3301 1153 3365 cantariae
1199 3301 1250 3364 in·

197 3404 400 3480 habitand03
456 3423 632 3486 omnesque
686 3401 799 3465 domos
852 3409 887 3466 et
949 3401 1089 3467 aedificia
1151 3401 1249 3467 dictae

199 3506 354 3574 cantariae
388 3503 629 3568 rationabiliter
667 3508 830 3567 sustentet
871 3509 905 3566 et
943 3510 1081 3589 reparet,
1126 3503 1250 3568 tociens

199 3608 355 3694 quociens
371 3626 483 3670 eorum
499 3605 676 3670 necessitas
699 3603 761 3668 hoc
782 3602 939 3689 requirat.
987 3604 1249 3690 Verumptamen

198 3709 367 3776 interdum
390 3731 410 3770 a
433 3706 522 3772 dicta
544 3705 693 3770 cantaria
715 3709 749 3768 et
776 3727 796 3767 a
819 3705 943 3769 divinis
966 3704 1080 3770 officiis
1103 3706 1250 3771 dicendis

199 3835 274 3881 cum
298 3815 377 3876 nota
400 3830 434 3874 se
465 3807 589 3894 poterit
611 3807 791 3885 absentare,
815 3829 874 3892 pro
892 3806 1021 3890 jurium
1055 3829 1093 3874 ac
1115 3809 1249 3874 liberta-

199 3921 273 3981 tum
317 3909 472 3976 cantariae
509 3907 678 3994 praedictae
721 3907 911 3972 defensione
948 3914 983 3972 et
1020 3909 1163 3974 tuicione
1196 3910 1249 3974 vel

201 4013 458 4100 recuperacione,
483 4016 517 4075 et
539 4031 599 4095 pro
622 4009 736 4074 amicis
751 4009 819 4072 suis
842 4009 1041 4093 aliquociens
1066 4011 1249 4087 visitandis,

199 4140 260 4204 pro
282 4115 425 4201 petendo
448 4118 482 4177 et
504 4111 656 4176 habendo
678 4110 817 4176 concilio
849 4110 1029 4187 medicinas,
1052 4118 1152 4198 atque
1175 4113 1251 4178 aliia

200 4216 389 4286 necessariis
427 4236 500 4299 quae
543 4215 666 4296 absque
704 4211 756 4274 sui
801 4216 910 4277 status
954 4213 1146 4297 praejudicio
1192 4237 1251 4279 seu

201 4340 347 4408 personae
381 4337 447 4380 non
470 4314 599 4401 possint
621 4313 751 4392 omitti;
788 4334 903 4377 causas
934 4320 1046 4378 tamen
1068 4315 1251 4381 absentaci-

200 4423 273 4488 onis
310 4417 509 4503 hujusmodi,
548 4436 587 4480 ac
624 4421 774 4498 tempora
811 4415 986 4479 limitanda
1023 4437 1083 4500 pro
1128 4417 1252 4494 eadem,

201 4529 340 4612 patrono
363 4539 423 4584 suo
446 4518 500 4582 vel
525 4515 657 4581 Rectori
681 4515 824 4580 ecclesiae
848 4515 1043 4600 parochialis
1065 4518 1106 4582 de
1130 4517 1252 4582 Ikham

200 4625 258 4711 qui
281 4643 340 4711 pro
373 4626 519 4706 tempore
542 4619 644 4683 fuerit
666 4616 865 4682 sufficienter
897 4617 1049 4694 declaret,
1073 4625 1108 4684 et
1130 4619 1173 4683 ab
1195 4621 1252 4697 eis,

202 4726 255 4794 vel
280 4745 391 4790 eorum
415 4721 527 4798 altero,
550 4719 718 4784 licenciam
743 4717 901 4783 obtineat.
949 4719 989 4782 In
1014 4719 1125 4783 dotem
1149 4720 1252 4804 ipsius
