3350 5800
545 937 548 944 λ
578 893 868 947 cssruacrnssra
1184 873 1247 936 201

191 1080 315 1156 subire,
346 1099 532 1165 agnoscere,
555 1083 590 1142 et
623 1079 810 1140 sustentare
843 1073 1029 1144 teneantur,
1052 1065 1178 1149 absque
1209 1081 1249 1126 eo

191 1181 285 1266 quod
320 1181 361 1246 de
393 1180 543 1267 praefatis
568 1178 698 1244 Abbate
731 1181 766 1241 et
789 1175 973 1248 Conventa,
1000 1189 1154 1235 eorumve
1177 1186 1249 1229 suc·

192 1282 388 1360 cessoribus,
411 1282 479 1350 ullo
502 1303 648 1366 unquam
671 1285 828 1364 tempore,
844 1272 1149 1364 augmentationem
1175 1287 1249 1353 por·

194 1382 299 1448 tionis
322 1384 455 1449 vicariae
487 1383 654 1470 praedictae
686 1384 810 1466 petent,
834 1378 981 1464 exigent,
1003 1395 1060 1438 seu
1094 1371 1250 1436 vendica·

194 1483 301 1564 bunt;
336 1485 394 1550 sed
417 1484 583 1549 Abbatem
615 1488 650 1548 et
673 1481 893 1555 Conventum,
916 1496 1094 1560 eorumque
1125 1494 1251 1537 succes·

195 1607 288 1651 sores
321 1585 505 1672 praedictos,
539 1586 583 1650 ab
617 1607 714 1650 onere
747 1578 1027 1668 augmentationis
1060 1573 1251 1660 hujusmodi

197 1687 338 1773 aliisque
379 1687 533 1752 oneribus
575 1685 807 1771 suprascriptis
853 1679 1082 1748 exonerabunt
1129 1677 1251 1761 imper-

196 1793 348 1874 petuum.
403 1788 444 1852 In
466 1809 607 1872 quorum
630 1787 777 1852 omnium
800 1790 836 1850 et
866 1781 1072 1869 singulorum
1096 1778 1195 1843 fidem
1218 1783 1253 1843 et

196 1889 428 1955 testimonium
462 1890 522 1954 has
553 1889 683 1954 litteras
720 1892 853 1953 nostras
890 1883 1066 1971 superinde
1104 1880 1185 1958 lieri,
1218 1885 1253 1946 et
1351 1943 1360 1950 ,

197 1991 305 2056 nostri
328 1990 430 2078 sigilli
453 1990 653 2076 appensione
687 1988 828 2053 fecimus
854 1984 1058 2051 communiri.
1103 1981 1193 2046 Data
1216 1980 1252 2044 iu

198 2092 347 2158 manerio
369 2097 481 2156 nostro
504 2090 545 2156 de
568 2089 752 2167 Lamehith,
776 2109 865 2152 nono
887 2086 940 2150 die
962 2084 1084 2150 mensis
1107 2083 1252 2147 Novem·

198 2194 276 2270 bris,
292 2215 380 2258 anuo
403 2192 539 2259 Domini
564 2191 737 2257 millesimo
761 2188 1087 2275 quadringentesimo
1110 2185 1251 2270 quadra-

198 2295 324 2383 gesimo
347 2315 442 2373 nono,
466 2300 500 2359 et
522 2297 644 2358 nostrae
667 2291 898 2358 translationis
921 2310 1009 2355 anno
1033 2288 1181 2374 septimo.

245 2574 317 2639 Nos
348 2574 490 2640 Thomas
522 2575 619 2640 Prior
651 2575 803 2640 Ecclesia
833 2574 1031 2640 cathedralis
1061 2571 1252 2659 metropoli·
1291 2584 1321 2629 1⁸
1333 2580 1402 2628 Nov-

200 2681 290 2741 tanae
313 2675 563 2742 Oantuariensis
586 2677 839 2762 suprascriptus,
861 2681 896 2740 et
927 2677 1073 2761 ejusdem
1097 2675 1252 2742 Ecclesiae
1310 2649 1382 2695 ¹⁴⁴⁹·

201 2777 395 2863 Capitulum
416 2801 474 2844 seu
498 2779 699 2856 Conventus,
722 2783 898 2865 propterea
927 2781 1155 2866 capitulariter
1176 2800 1253 2844 con-
1265 2783 1290 2832 S·
1304 2778 1383 2830 ¹⁸2⁶·

200 2881 342 2966 gregati,
373 2880 527 2967 diligenti
560 2880 753 2967 solennique
790 2885 939 2948 tractatu
976 2887 1078 2968 atque
1114 2880 1255 2969 provida
1267 2870 1375 2988 mr·

202 2983 442 3049 deliberatione
487 2986 575 3049 inter
613 3005 682 3061 nos,
720 3004 864 3049 unacum
902 2986 1174 3050 reverendissimo
1219 2983 1256 3047 in
1271 3002 1398 3071 Capituli.

203 3084 338 3151 Christo
367 3090 461 3171 patre
491 3091 527 3150 et
556 3084 689 3149 domino
712 3085 856 3150 Domino
878 3086 1032 3151 Johanne
1054 3086 1118 3152 Dei
1147 3084 1258 3174 gratia

203 3187 436 3253 Cantuariensi
467 3186 732 3272 Archiepiscopo,
764 3192 834 3265 etc,
870 3187 1015 3267 habitis;
1047 3190 1187 3255 servatis
1222 3195 1258 3253 et

202 3290 475 3355 concurrentibus
506 3290 659 3354 omnibus
686 3294 721 3355 et
743 3289 884 3376 singulis
907 3312 981 3376 quae
1011 3292 1048 3356 in
1070 3291 1132 3357 hac
1162 3297 1257 3379 parte

203 3390 245 3456 de
280 3392 357 3477 jure
395 3396 430 3455 et
466 3390 704 3456 consuetudine
749 3392 996 3475 quomodolibet
1033 3395 1258 3479 requiruntur,

203 3493 332 3570 unioni,
370 3492 559 3570 annexioni,
597 3492 869 3579 incorporationi,
908 3500 943 3560 et
987 3496 1257 3582 appropriationi,

203 3595 471 3680 concessiouique
502 3595 637 3661 vicariae
675 3600 845 3681 perpetuae
882 3597 1025 3661 eeclesiae
1062 3598 1259 3683 parochialis

204 3697 247 3762 de
272 3696 357 3781 Wyc
388 3696 565 3783 praedictas,
587 3718 647 3782 per
680 3695 860 3781 praelatum
891 3698 1200 3763 reverendissimum
1222 3700 1259 3765 in

205 3800 341 3866 Christo
363 3806 493 3885 patrem
516 3803 550 3863 et
572 3797 742 3863 dominum
766 3796 947 3863 Dominum
969 3799 1156 3866 Johannem
1174 3801 1260 3868 Oan-

205 3902 407 3967 tuariensem
439 3899 742 3985 Archiepiseopum,
778 3898 938 3985 Magistro
972 3901 1045 3967 sive
1079 3902 1260 3989 Praeposito

206 4009 241 4069 et
265 4002 452 4089 Capellanis
477 4000 617 4087 Collegii
650 4000 849 4067 Sanctorum
872 4002 1025 4090 Gregorii
1055 4008 1090 4069 et
1121 4005 1259 4071 Martini

205 4104 431 4192 suprascripti,
465 4124 645 4187 eorumque
677 4102 926 4181 successoribus,
959 4109 1060 4191 atque
1093 4107 1158 4192 ipsi
1185 4106 1261 4172 (lol-

207 4206 294 4292 legio
316 4206 364 4271 sic
386 4213 426 4271 ut
448 4204 670 4291 praemittitur
701 4204 809 4282 factis,
831 4205 1017 4292 ceterisque
1049 4209 1203 4273 omnibus
1226 4214 1261 4275 et

207 4306 348 4393 singulis
380 4306 557 4393 praemissis
590 4311 742 4372 nostrum
775 4328 980 4373 communem
1005 4314 1041 4374 et
1071 4311 1260 4377 unanimem

206 4428 413 4486 consensum,
447 4428 626 4484 assensum,
662 4412 696 4473 et
730 4408 936 4475 voluntatem
969 4410 1190 4490 adhibuimus,
1222 4437 1260 4480 ac

207 4510 309 4577 etiam
349 4514 463 4573 tenore
501 4508 713 4595 praesentium
753 4508 957 4576 adhibemus
1023 4513 1260 4600 Praemissaque

204 4611 321 4679 omnia
352 4614 387 4675 et
427 4610 567 4697 singula,
598 4616 633 4675 et
665 4632 780 4675 eorum
814 4612 995 4697 quodlibet,
1030 4618 1193 4698 quantum
1225 4616 1260 4681 in

207 4712 305 4780 nobis
335 4716 394 4789 est,
417 4732 460 4777 ex
492 4715 607 4776 nostra
637 4716 729 4777 certa
759 4712 906 4789 scientia,
928 4714 1157 4800 approbamus,
1180 4718 1261 4783 rati·

207 4818 354 4892 ficamus,
376 4820 411 4879 et
441 4814 675 4880 confirmamus
698 4836 757 4900 per
787 4820 975 4901 praesentes.
1022 4816 1064 4881 In
1086 4816 1181 4903 cujus
1203 4821 1261 4898 rei,
