3350 5800
404 838 468 901 ‘230
859 846 991 897 rrruun

403 1040 515 1125 aliquo
549 1040 646 1105 ruodo
681 1044 863 1105 onerentur
894 1040 1008 1127 vigore
1032 1038 1183 1125 praedicti
1218 1044 1327 1115 actus,
1354 1038 1473 1101 ovise-

404 1142 540 1219 tionum,
576 1151 609 1207 ot
644 1142 882 1229 provisionum,
913 1142 967 1206 vel
999 1142 1254 1207 concessionum.
1323 1140 1472 1205 Proviso

404 1245 516 1321 otium,
556 1244 643 1329 quod
682 1244 776 1309 nulle
813 1244 909 1319 bona,
942 1242 1071 1322 catella,
1110 1250 1220 1322 teme,
1258 1250 1469 1318 tenementm

404 1346 562 1421 redditus,
585 1346 640 1411 vel
662 1346 737 1411 alise
759 1346 980 1433 possessiones
1004 1346 1039 1409 in
1062 1346 1116 1409 vel
1140 1346 1181 1409 de
1205 1344 1328 1430 quibus
1354 1344 1467 1428 aliqui

403 1450 621 1515 Dominorum
655 1448 735 1513 dicti
769 1449 863 1536 regni
897 1448 1004 1512 nostri
1036 1454 1117 1512 sunt
1146 1446 1182 1511 in
1214 1448 1328 1532 aliquo
1362 1446 1468 1511 modo

402 1550 541 1629 feodati,
575 1550 688 1633 scisiti,
712 1549 765 1615 vel
799 1550 1043 1635 possessionnti,
1075 1549 1118 1613 ed
1152 1570 1251 1613 suum
1285 1548 1467 1635 proprium

403 1676 499 1719 usum
532 1660 566 1719 et
604 1674 670 1717 non
709 1674 808 1739 super
846 1653 1085 1719 confidentium
1118 1652 1162 1717 ed
1193 1674 1292 1717 usum
1316 1658 1351 1718 et
1373 1673 1464 1736 opus

402 1757 541 1842 alicujus
565 1755 703 1820 ulterius
738 1776 886 1841 personae
908 1756 963 1820 vel
994 1777 1222 1842 personarum,
1253 1776 1315 1821 nec
1338 1755 1458 1839 ulique

402 1858 500 1936 bonu,
538 1858 666 1933 cotella,
705 1863 815 1933 term,
848 1864 1047 1933 tenementeu
1091 1857 1255 1935 redditae,
1285 1857 1341 1921 vel
1382 1855 1464 1921 aliae

402 1960 621 2046 possessiones
644 1960 684 2023 de
708 1960 762 2025 vel
786 1960 822 2023 in
845 1959 966 2045 quibus
988 1960 1102 2044 ulique
1132 1960 1199 2023 eliu
1229 1980 1380 2045 persons,
1404 1957 1463 2021 vol

403 2082 561 2147 porsonae,
586 2066 645 2139 est,
669 2060 722 2125 vel
750 2066 840 2136 sunt,
873 2058 1030 2137 feoffutae,
1067 2060 1198 2136 seisitae,
1236 2060 1290 2124 vel
1329 2082 1462 2146 posses-

403 2164 549 2245 sionetae,
574 2164 616 2228 ed
648 2184 745 2228 usum
785 2163 925 2249 alicujus
963 2163 1128 2228 dictorum
1166 2163 1388 2228 Dominorum
1422 2162 1462 2227 in

403 2266 514 2353 aliquo
548 2272 728 2331 onerentur
749 2288 809 2352 per
840 2266 966 2331 dictum
998 2272 1119 2342 ectum,
1142 2266 1380 2343 ordinationes,
1403 2266 1461 2329 vel

404 2368 615 2433 uvisetiones.
675 2366 812 2431 Proviso
847 2366 948 2429 etism
984 2365 1072 2451 quod
1104 2365 1199 2430 nulla
1231 2371 1331 2443 terre,
1365 2372 1460 2430 tene·

403 2476 516 2535 mente
554 2469 717 2547 Ecclesiae,
749 2469 804 2533 vel
836 2468 910 2533 aliae
948 2469 1177 2555 possessiones,
1212 2490 1288 2553 quae
1327 2468 1460 2532 fuerint

398 2572 490 2657 juste
513 2578 651 2637 onerate
674 2572 727 2635 vel
752 2576 870 2637 tsxsts
893 2570 937 2635 ed
963 2570 1118 2649 decimes,
1140 2570 1235 2634 nobis
1258 2571 1313 2634 vel
1336 2570 1461 2655 eliqui-

402 2674 465 2739 bus
503 2674 752 2762 progenitorum
791 2680 981 2739 nostrorum
1026 2693 1196 2738 concessos
1234 2694 1294 2757 per
1331 2674 1459 2737 clerum

402 2775 542 2860 alicujus
576 2776 822 2861 provinciarum
857 2774 1107 2840 Contuuriensis
1142 2775 1196 2839 vel
1229 2774 1459 2852 Eborucensis,

403 2880 456 2944 vel
480 2902 553 2965 quse
577 2878 613 2942 in
636 2877 802 2964 aliquibus
825 2877 1016 2962 hujusmodi
1039 2876 1303 2943 concessionibus
1329 2876 1460 2944 fuerint

403 2987 552 3068 exceptu,
576 2983 612 3046 in
634 2981 746 3066 aliquo
769 2986 949 3046 onerentur
982 3001 1043 3066 per
1075 2980 1202 3045 dictum
1235 2987 1360 3059 ectum,
1382 3003 1464 3046 oon·

401 3084 572 3162 cessiones,
589 3083 803 3160 nvisstiones,
820 3083 874 3147 vel
891 3080 1106 3168 provisiones
1153 3080 1303 3167 Cumque
1324 3083 1361 3146 in
1375 3104 1461 3167 quo·

402 3183 478 3248 dem
502 3191 579 3249 ectu
603 3183 638 3247 in
672 3183 761 3248 dicto
796 3183 1024 3267 parliamento,
1056 3183 1255 3247 auctoritate
1285 3184 1462 3268 praedicto,

402 3286 491 3351 fecto
514 3286 668 3350 similiter
698 3284 910 3350 contineatur
944 3285 1007 3349 sub
1040 3285 1103 3350 hec
1136 3284 1255 3362 formo,
1277 3285 1458 3352 videlicet:

403 3387 500 3466 Quod
533 3409 607 3452 curn
642 3387 676 3450 in
711 3387 824 3452 eodem
859 3385 1079 3471 parliamento
1113 3387 1203 3472 apud
1234 3387 1378 3476 Redyng
1406 3389 1459 3452 in-

402 3489 520 3554 choato
543 3487 632 3553 dicto
655 3494 749 3552 sexto
772 3487 826 3552 die
850 3487 974 3565 Martii,
997 3488 1078 3554 dicti
1102 3487 1374 3567 communitates,
1398 3511 1461 3576 pro

403 3591 625 3670 eomitatibus,
650 3590 857 3669 civitatibus,
880 3598 915 3656 et
946 3591 1061 3678 burgis
1093 3591 1174 3656 dicti
1209 3592 1303 3679 regni
1341 3593 1462 3671 nostri,

404 3693 444 3757 de
468 3715 603 3758 assensu
627 3693 846 3758 Dominorum
869 3693 1095 3778 spiritualium
1118 3700 1152 3757 et
1177 3694 1408 3778 tempor-ulium
1423 3696 1460 3759 in

405 3797 518 3860 eodem
542 3795 761 3880 parliamento
785 3795 1011 3872 existentium,
1033 3801 1265 3860 concesserunt
1288 3797 1393 3874 nobis,
1415 3799 1459 3862 ed

405 3899 560 3962 honorem
584 3898 659 3976 Dei,
683 3921 741 3984 pro
765 3898 956 3963 defensione
987 3898 1068 3963 dicti
1092 3899 1185 3986 regni
1208 3901 1314 3962 nostri
1338 3901 1459 3988 viginti

406 3999 511 4064 millio
548 4001 720 4065 hominum
755 4001 1006 4089 sagittariorum
1045 4001 1089 4065 ed
1127 4002 1388 4086 exspectandum
1421 4004 1456 4066 in

406 4100 542 4166 servitio
574 4109 688 4168 nostro
711 4125 771 4188 per
804 4103 951 4189 spatium
973 4103 1104 4167 dimidii
1126 4103 1219 4182 enni,
1241 4105 1341 4168 certis
1364 4105 1461 4170 modo

409 4213 442 4271 et
465 4205 573 4269 formu
595 4213 696 4292 prout
719 4206 754 4269 in
784 4205 900 4270 eedem
931 4206 1137 4270 concessione
1169 4207 1347 4292 superinde
1370 4207 1459 4274 fectu

411 4307 540 4394 plenius
563 4306 770 4384 continetur3
795 4327 869 4384 noe,
884 4306 1024 4371 diversis
1047 4307 1088 4370 de
1111 4308 1219 4372 censis
1242 4329 1302 4373 nos
1325 4330 1460 4375 moven-

238 4417 349 4496 Furtum
411 4410 513 4486 tibus,
536 4415 569 4475 et
592 4406 778 4496 specialiter
800 4427 861 4493 pro
884 4406 1036 4473 immensi
1065 4408 1271 4496 gratitudine
1294 4431 1396 4494 quem
1425 4411 1460 4475 in

240 4485 388 4604 {fflffie
411 4512 509 4578 dictis
549 4507 852 4577 Communitetibus
890 4508 1012 4575 nostris
1045 4509 1081 4574 in
1114 4509 1202 4576 dicto
1240 4511 1460 4596 parliamento

242 4623 326 4684 grant
411 4621 524 4679 nostro
561 4612 760 4688 invenimus,
798 4611 1042 4677 notificavimus
1081 4619 1115 4678 ct
1152 4613 1370 4679 concessimus
1415 4617 1460 4681 eis

412 4717 499 4801 quod
532 4716 596 4801 ipsi
631 4718 854 4781 exonerentur
892 4713 933 4779 de
971 4715 1168 4783 omnimodis
1212 4716 1397 4784 avisutione
1427 4725 1461 4784 et
