3350 5800
587 916 881 966 consummasse.
1196 901 1261 967 ou

210 1107 342 1192 penitus
366 1108 483 1170 ell'ectu
507 1126 616 1170 carere
640 1094 800 1170 debuisse.
848 1106 969 1169 Verum
996 1106 1119 1190 placuit
1149 1109 1266 1190 majes-
1278 1110 1385 1225 ffitgr
1396 1173 1423 1223 in

210 1212 274 1279 tati
297 1212 406 1299 regies,
428 1210 650 1277 consideranti
675 1212 763 1297 quod
786 1210 876 1277 dicta
899 1212 1053 1276 fimdatio
1086 1211 1128 1276 ad
1153 1210 1262 1277 divim
1278 1256 1374 1293 recom-

211 1312 321 1379 oultus
352 1318 570 1400 augmentum
603 1319 637 1377 et
668 1313 711 1377 ad
744 1314 934 1377 relevamen
967 1313 1115 1377 fidelium
1139 1313 1266 1378 anima·
1278 1324 1364 1372 pense.

212 1436 287 1479 rum
330 1416 384 1500 pie
418 1436 456 1480 ac
490 1414 609 1479 devote
644 1436 665 1477 a
696 1415 785 1479 dicto
819 1436 926 1498 nuper
958 1412 1136 1479 Cardinale
1174 1414 1266 1480 lanta

212 1522 312 1601 atque
351 1516 481 1580 intenta
503 1514 580 1590 fuit,
617 1536 687 1580 suae
732 1515 916 1581 clementiae
954 1536 993 1578 ae
1030 1516 1267 1581 munificeneive

214 1640 349 1683 manum
381 1618 559 1703 porrigere,
592 1639 634 1681 ne
669 1622 738 1681 tam
777 1616 832 1701 pia
870 1636 909 1681 ac
947 1616 1069 1681 devota
1103 1618 1269 1683 ordinatio

215 1720 333 1785 effectu
376 1726 510 1785 careret.
567 1718 738 1803 Siquidem
771 1718 811 1781 de
845 1719 956 1805 gratia
993 1740 1031 1783 ac
1069 1711 1269 1786 liberalitate

215 1823 314 1910 regia,
333 1823 404 1907 juri
427 1822 515 1907 quod
539 1822 574 1884 in
597 1821 686 1885 dicto
709 1821 857 1885 manerio
888 1842 947 1885 seu
978 1821 1137 1905 prioratu,
1161 1824 1208 1887 sic
1230 1831 1270 1888 ut

215 1924 408 2011 pnudieitur
445 1924 480 1986 in
519 1943 620 1987 manu
658 1944 718 1986 sua
756 1923 930 1997 existente,
962 1921 1115 2000 habebat,
1148 1944 1270 1989 renun-

216 2027 342 2103 ciando,
365 2048 432 2090 non
455 2026 561 2090 solum
584 2026 712 2113 regium
728 2046 898 2089 assensum
922 2026 1148 2110 praebuitsed
1170 2028 1272 2092 etiam

218 2131 289 2195 fieri
311 2127 512 2213 procuravit,
534 2133 574 2191 ut
608 2128 643 2189 in
666 2126 894 2211 parliamento,
917 2128 1005 2211 quod
1038 2134 1168 2193 tentum
1204 2136 1277 2194 erat

219 2230 307 2316 apud
331 2228 662 2293 westmonasterium
686 2228 775 2292 dicto
798 2248 887 2290 anno
910 2228 1060 2312 septimo,
1076 2230 1117 2293 de
1140 2250 1276 2294 assensu

219 2330 436 2395 Dominorum
459 2328 683 2414 spiritualium
708 2334 742 2393 et
764 2328 997 2413 temporalium
1030 2336 1065 2394 et
1095 2333 1277 2395 communi·

219 2434 299 2498 tatis
322 2430 478 2514 ejusdem,
503 2431 617 2517 vigore
649 2430 821 2515 cujusdam
855 2436 949 2495 actus
984 2430 1129 2515 ejusdem
1154 2432 1276 2517 parlia-

219 2535 333 2610 menti,
378 2533 504 2597 dictum
542 2532 728 2595 manerium
767 2532 839 2595 sive
877 2532 1045 2616 prioratus
1092 2541 1178 2599 esset
1219 2534 1276 2619 jus

221 2636 373 2701 Ecclesiae
406 2638 537 2711 nostrae,
560 2635 730 2719 perpetuis
768 2632 894 2698 futuris
929 2636 1135 2719 temporibus
1170 2636 1277 2701 eidem

222 2738 373 2803 Ecclesiae
408 2757 647 2801 remansurum.
696 2735 766 2799 Nos
789 2742 911 2812 autem,
935 2742 1039 2800 tantae
1063 2737 1212 2822 largitati
1243 2745 1278 2803 et

222 2840 476 2929 magnificentiae
503 2839 610 2924 regia,
634 2837 697 2904 etsi
729 2838 865 2926 dignam
896 2838 1040 2926 gratiam
1065 2838 1188 2905 referre
1210 2862 1277 2906 non

223 2965 396 3030 possumus
441 2948 553 3006 tamen
587 2961 648 3026 pro
680 2940 901 3026 possibilitate
933 2946 1048 3005 nostra
1081 2943 1278 3027 respondere

222 3045 392 3132 cupientes
427 3043 468 3106 de
501 3042 637 3106 licencia
668 3049 702 3106 et
734 3063 808 3106 curn
841 3061 978 3106 assensu
1010 3043 1276 3108 reverendissimi

223 3149 258 3213 in
283 3145 417 3213 Christo
452 3144 557 3229 patris
591 3147 626 3208 et
660 3143 785 3207 domini
817 3144 924 3207 nostri
947 3143 1082 3207 Domini
1115 3143 1278 3209 Johannis

223 3249 287 3314 Dei
318 3247 428 3336 gratia
461 3265 550 3309 nunc
572 3243 819 3329 Archiepiseopi
843 3242 1103 3322 Cantuariensis,
1125 3247 1278 3332 majesta·

225 3359 294 3418 tem
317 3348 408 3414 illius
431 3369 492 3433 per
507 3351 686 3432 praesentes
709 3349 870 3430 tanquam
886 3347 1090 3432 praecipuum
1113 3349 1280 3434 praedicta

225 3453 382 3519 cantaria
416 3449 628 3514 fundatorem
661 3453 869 3532 acceptamus
901 3453 935 3513 et
965 3453 1158 3534 reputamus
1170 3475 1177 3530 ;
1207 3471 1280 3538 pro-

225 3555 389 3620 mittimus
424 3552 559 3636 insuper
583 3549 680 3634 quod,
703 3549 843 3636 singulis
877 3549 993 3612 diebus
1028 3550 1285 3638 imperpetuum,

225 3657 385 3722 faciemus
417 3653 540 3718 dictam
576 3652 709 3715 missam
748 3671 822 3715 cum
861 3671 930 3714 una
966 3652 1103 3717 collecta
1140 3656 1282 3739 speciali,

226 3757 398 3823 videlicet:
431 3754 634 3836 Quaesumus
659 3750 881 3838 Omnipotens
904 3751 994 3817 Deua
1016 3759 1056 3818 ut
1078 3753 1150 3820 Rex
1171 3763 1283 3823 noster

226 3857 403 3925 Hernicus
427 3853 607 3940 Septimus,
633 3859 697 3930 ela,
720 3874 780 3938 pro
804 3873 960 3938 prospero
983 3859 1075 3920 statu
1100 3855 1282 3940 majestatis

227 3981 296 4026 suae
318 3959 398 4022 ‹lum
433 3955 566 4032 vixerit,
590 3961 624 4020 et
655 3961 731 4040 post
762 3953 834 4039 ejus
870 3960 1011 4019 mortem
1043 3957 1180 4023 collecta
1203 3958 1284 4024 illa:

227 4061 373 4129 Iaoliac
397 4057 552 4133 Domina
575 4063 628 4120 eto.
651 4063 691 4120 ut
715 4055 877 4121 oninium
894 4055 1032 4141 fumali
1055 4057 1111 4123 lai
1134 4059 1283 4126 Hearici

227 4161 381 4250 Septimi,
398 4166 461 4236 ela,
476 4179 536 4244 pro
559 4157 671 4221 anima
694 4178 754 4220 sua
777 4163 810 4221 et
834 4157 1008 4222 animabus
1030 4160 1192 4225 nobilium
1208 4183 1283 4247 pro-

227 4264 416 4354 genitorum
448 4277 583 4323 suorum
611 4257 698 4322 sieut
728 4278 789 4342 pro
823 4257 936 4321 anima
971 4259 1050 4325 dicti
1087 4260 1283 4338 Oardinalis,

229 4367 304 4443 diei,
343 4370 377 4428 et
416 4361 503 4447 quod
535 4360 708 4424 annuatim
740 4358 988 4424 observabimus
1018 4363 1283 4428 anniversarium

230 4467 435 4555 praedictum,
479 4467 513 4527 et
558 4461 828 4525 distributionem
874 4461 1062 4527 elemosinae
1108 4464 1283 4549 praedicta,

229 4567 426 4635 nominatim
464 4583 525 4650 pro
563 4562 736 4647 majestate
784 4582 854 4638 sua,
891 4563 979 4628 sicut
1026 4583 1087 4648 pro
1124 4565 1284 4650 praedicto

230 4669 374 4737 Domino
397 4663 574 4732 Oardinnle
597 4667 758 4728 tenemur.
804 4661 859 4726 Ad
883 4684 957 4748 quae
980 4664 1100 4741 omnia,
1122 4671 1223 4751 prout
1238 4669 1285 4732 sic

232 4789 387 4860 expressa
410 4772 498 4844 sunt,
521 4767 764 4852 imperpetuum
789 4764 995 4828 observanda
1018 4765 1203 4854 obligamus
1225 4787 1286 4833 nos
