3350 5800
598 844 892 897 carruamurrsm.
1210 836 1274 897 103

210 1032 558 1121 Magistri-Generalis
590 1040 624 1101 et
656 1038 844 1101 nosborum
882 1036 1077 1101 nunciorum
1109 1040 1272 1105 transitus

209 1135 446 1223 multipliciter
479 1137 687 1223 periculosos,
720 1136 842 1223 quibus
867 1137 970 1222 juxta
1007 1139 1195 1206 condictum
1226 1144 1270 1208 ad

209 1238 313 1303 finem
338 1244 499 1326 optatum,
537 1240 578 1304 de
614 1260 679 1325 quo
717 1260 858 1305 unacum
888 1240 1165 1307 ambasiatoribus
1196 1266 1270 1309 ves-

208 1341 271 1405 tris
314 1342 442 1407 dudum
485 1345 520 1405 et
561 1341 692 1407 iteratis
726 1341 858 1408 vicibus
889 1342 1097 1428 scripseritis,
1131 1345 1269 1411 indubie

208 1444 408 1529 sperabatur
440 1443 623 1529 pervenire,
656 1444 836 1509 frustratos
869 1444 976 1509 noscis
1008 1444 1089 1511 bina
1119 1445 1198 1524 vice,
1233 1447 1271 1512 in

207 1550 361 1611 nostrum
377 1546 533 1623 omnium,
549 1546 752 1632 prothdolor,
767 1546 998 1645 prpejudioium
1021 1552 1057 1611 et
1071 1548 1270 1633 despectum,

207 1670 287 1733 quse
320 1656 434 1714 tamen
467 1670 527 1735 per
549 1670 610 1713 vos
643 1654 677 1713 et
713 1654 842 1735 partem
866 1654 1013 1715 vestram
1036 1650 1078 1715 de
1100 1650 1189 1716 facili
1211 1674 1268 1737 po-

206 1754 322 1815 tuerat
353 1749 539 1836 praevideri,
566 1749 723 1815 videlicet
745 1752 773 1815 si
798 1754 927 1815 vestras
953 1757 989 1816 et
1011 1752 1269 1818 ambasiatorum

207 1856 396 1919 vestrorum
457 1853 595 1931 litteras,
648 1874 747 1940 super
805 1852 1093 1940 prorogationibus
1140 1854 1268 1919 dierum

206 1960 375 2021 cerarum
424 1955 568 2033 emissas,
608 1960 685 2020 ante
736 1956 882 2041 ipsorum
936 1955 1065 2021 exitum
1103 1962 1268 2023 nostrates

206 2057 416 2142 recipissent,
439 2058 528 2143 quod
551 2056 719 2121 commode
746 2056 850 2141 juxta
873 2057 1054 2122 earundem
1076 2057 1268 2123 litterarum

214 2159 306 2225 datis
336 2159 442 2225 facere
479 2159 674 2246 potuissent.
727 2157 823 2238 Quod
859 2158 964 2244 igitur
1001 2182 1044 2224 ex
1081 2162 1267 2245 premissis,

211 2261 358 2328 veritate
390 2262 548 2348 inspecta,
570 2283 769 2348 praesumere
801 2261 994 2346 poterimus,
1016 2262 1082 2326 nisi
1115 2264 1181 2327 riis
1213 2286 1267 2328 ex·

206 2362 344 2447 quisitis
384 2384 444 2449 per
481 2366 644 2428 vestrates
679 2368 715 2427 et
747 2384 861 2427 eorum
894 2361 1033 2441 defectu,
1056 2385 1154 2449 quem
1185 2385 1267 2449 quo-

206 2464 386 2529 dammodo
440 2464 542 2530 nullis
591 2464 781 2530 rationibus
840 2465 996 2530 novimus
1059 2471 1267 2545 excusatum,

205 2566 403 2633 afflictiones
425 2566 556 2633 afflictis
580 2567 712 2653 apponi,
735 2565 880 2632 Domino
902 2566 1088 2633 miserente.
1137 2570 1268 2635 Revera

204 2691 283 2735 cum
317 2675 384 2735 tam
418 2691 478 2755 per
502 2670 753 2756 Vicegerentem
790 2668 1132 2755 Magistri-Generalis
1165 2692 1267 2757 quam

204 2770 420 2839 Proconsules
455 2777 490 2836 et
525 2770 686 2836 Consules
724 2770 884 2837 Civitatis
922 2770 1115 2837 Lubieeusis
1167 2778 1263 2837 ante-

205 2874 324 2955 dictos,
361 2896 488 2941 necnon
520 2874 651 2960 juratos
691 2874 833 2940 seniores
873 2872 1132 2940 communitatis
1181 2896 1267 2942 mer·

206 2980 340 3044 catoriae
362 2982 484 3042 nostrae
515 2976 639 3044 Hansae
662 2978 806 3064 Bruggis
829 2976 996 3042 Euandria
1023 2977 1268 3058 commorantis,

207 3081 267 3168 qui
289 3081 390 3146 etiam
413 3079 544 3145 litteras
560 3102 659 3166 super
681 3081 772 3146 facto
790 3080 862 3165 jam
885 3099 1039 3164 expresso
1059 3099 1094 3143 se
1116 3083 1268 3144 asserunt

207 3183 369 3268 recipisse,
392 3187 432 3245 ut
463 3182 690 3266 praemittitur,
713 3182 909 3256 invitamur,
932 3179 1125 3246 celsitudini
1147 3185 1267 3245 vestrae

206 3283 243 3349 in
276 3282 453 3370 praemissis
475 3288 510 3348 et
542 3284 625 3349 cirea
660 3305 699 3348 ea
734 3281 863 3368 aperire
886 3285 968 3345 vota
1001 3285 1136 3360 nostra;
1158 3287 1267 3346 atten-

207 3391 318 3470 teque,
357 3388 456 3470 prout
501 3405 544 3449 ex
590 3383 738 3468 ejusdem
777 3381 988 3448 celsitudinis
1036 3385 1158 3445 vestrae
1195 3387 1266 3447 tarn

209 3485 350 3552 diversis
400 3486 523 3551 litteris
563 3506 762 3572 accepemus,
812 3492 959 3548 vestram
1007 3481 1266 3548 dominationem

209 3587 432 3653 desirabiliter
456 3587 611 3653 affectare
636 3586 761 3651 bonum
776 3586 876 3671 pacis,
900 3584 989 3671 qnod
1004 3589 1039 3648 et
1062 3605 1123 3648 nos
1145 3585 1266 3651 cotidie

207 3691 437 3777 amplectimur
482 3711 567 3777 pura
610 3693 738 3766 mente3
763 3686 969 3752 decrevimus
1014 3685 1121 3772 igitur
1160 3693 1266 3754 certos

204 3794 438 3861 ambasiatores
481 3799 619 3871 nostros,
647 3813 714 3856 non
753 3792 861 3856 solum
906 3790 1040 3855 nomine
1077 3795 1265 3856 nostratum

206 3894 352 3981 dampna
402 3916 583 3982 passorum,
622 3915 737 3959 verum
788 3894 890 3957 etiam
937 3893 1009 3958 viee
1048 3897 1083 3958 et
1130 3894 1264 3960 nomine

207 3999 357 4064 omnium
391 4003 541 4062 nostrum
576 4001 611 4062 et
644 3995 850 4082 singulorum
873 3993 1035 4080 quorum¹
1069 3993 1207 4060 interest
1229 4001 1263 4062 et

206 4123 288 4188 quos
310 4121 456 4188 praesens
478 4099 589 4186 tangit
612 4098 791 4184 negotium,
806 4097 843 4160 in
865 4097 1007 4182 primam
1030 4097 1118 4161 diem
1141 4099 1263 4162 mensis

141 4261 145 4278 ‚
206 4201 353 4289 Augusti
384 4201 533 4286 proxime
556 4199 662 4265 futuri
694 4198 737 4262 ad
769 4197 897 4264 dictum
929 4197 1088 4284 oppidum
1112 4197 1262 4264 Durdra-

206 4325 310 4382 cense‚
350 4302 462 4381 tertio,
495 4323 570 4367 curn
593 4302 691 4388 pleno
730 4299 888 4366 mandato
921 4299 1104 4379 destinam
1140 4297 1262 4366 ibidem

207 4406 242 4470 in
266 4409 443 4492 saepetacto
477 4403 610 4490 negotio
650 4423 789 4467 unacum
824 4400 1099 4466 ambasiatoribus
1133 4401 1261 4482 vestris,

207 4506 243 4572 in
278 4506 367 4574 dicto
400 4507 471 4572 loco
499 4506 571 4592 jam
593 4504 731 4570 forsitan
764 4501 954 4569 constitutis
989 4502 1044 4567 vel
1066 4501 1192 4566 ibidem
1223 4503 1260 4567 in

206 4610 293 4676 diem
316 4609 492 4697 praefatum
510 4607 726 4685 destinandis,
741 4605 785 4671 ad
807 4604 908 4670 finem
930 4609 971 4668 ut
992 4602 1146 4668 scribitur
1168 4607 1261 4689 opta-

633 4788 642 4821 ¹
654 4803 746 4849 ewam,
759 4785 817 4835 MS.
