3350 5800
383 833 449 898 200
828 847 963 896 nuruum

381 1024 536 1108 pulitenae
568 1023 817 1091 Oentueriensis
852 1031 887 1091 et
920 1023 1066 1108 ejusdem
1098 1019 1253 1088 Ecclesiae
1284 1010 1435 1102 Capituli

380 1148 437 1190 scu
461 1125 666 1207 Conventus,
689 1129 830 1194 servetis
852 1132 888 1192 et
909 1125 1179 1193 concurrentibus
1201 1123 1239 1186 in
1252 1122 1316 1185 hec
1336 1120 1435 1204 parto

381 1228 534 1294 omnibus
558 1236 593 1294 et
615 1231 754 1316 singulis
777 1231 818 1296 de
837 1229 914 1316 jure
937 1233 971 1294 et
993 1225 1231 1292 consuetudine
1254 1219 1433 1309 quomodo·

380 1330 462 1395 libet
500 1332 677 1417 requisitis,
716 1333 812 1398 vobis
850 1331 1011 1418 Magistro
1056 1329 1126 1393 sive
1172 1323 1353 1410 Praeposito
1397 1325 1434 1385 ct

381 1431 568 1518 Capelianis
592 1433 728 1519 Collegii
764 1433 943 1520 saepedicti,
965 1437 1001 1496 et
1031 1427 1271 1496 successoribus
1300 1423 1433 1501 vestris,

380 1537 481 1619 atque
514 1533 578 1619 ipsi
613 1533 759 1620 Collegio
784 1539 896 1600 vestro
927 1531 1126 1618 hujusmodi,
1161 1528 1340 1607 univimus,
1372 1547 1432 1589 an-

380 1635 565 1710 nexuimus,
600 1635 893 1720 incorporavimus,
916 1640 952 1699 et
985 1631 1281 1719 appropriavimus,
1312 1649 1351 1693 ao
1383 1626 1433 1692 sic

379 1737 522 1815 unimus,
553 1737 769 1815 annectimus,
806 1738 1062 1822 incorporemus,
1100 1738 1135 1798 et
1171 1729 1433 1818 appropriamus,

379 1842 480 1923 atque
514 1839 722 1904 concedimus
753 1839 789 1904 in
822 1837 961 1924 Collegii
993 1835 1098 1902 vestri
1131 1831 1321 1918 hujusmodi
1351 1852 1434 1895 usus

380 1939 536 2025 proprius,
574 1961 634 2026 per
670 1961 729 2006 vos
774 1946 809 2006 et
846 1960 1046 2005 successores
1090 1942 1218 2003 vestros
1263 1933 1434 2019 perpetuis

379 2041 505 2107 futuris
528 2043 732 2128 temporibus
754 2041 933 2108 tenendum
948 2045 984 2106 et
997 2038 1249 2126 possidendem;
1270 2037 1320 2100 ita
1342 2035 1434 2120 quod

380 2142 478 2208 liceat
500 2143 594 2209 vobis
618 2148 652 2208 et
674 2143 915 2210 suecessoribus
942 2141 1073 2217 vestris,
1097 2139 1234 2205 cedente
1264 2138 1316 2203 vel
1339 2137 1433 2202 dece-

379 2243 479 2309 dente
502 2245 663 2333 Megistro
686 2245 840 2332 Philippo
859 2245 954 2310 Huse
976 2242 1133 2308 vicariam
1155 2241 1348 2326 praedictam
1371 2261 1434 2324 pro

379 2367 468 2410 nunc
490 2348 669 2432 optinente,
686 2348 739 2412 vel
762 2347 868 2434 ipsam
890 2345 1048 2412 uicarium
1071 2343 1260 2429 hujusmodi
1275 2340 1434 2427 qualiter-

379 2468 519 2533 cumque
542 2449 742 2530 dimittente,
766 2450 887 2514 realem
911 2453 946 2514 et
971 2447 1170 2533 corporalem
1194 2445 1432 2530 possessionem

379 2549 525 2635 ejusdem
557 2551 698 2630 vicariae,
722 2556 823 2638 atque
858 2551 1006 2636 ejusdem
1039 2548 1209 2636 portionis,
1229 2549 1431 2634 janumque,

379 2655 414 2716 et
436 2651 676 2737 pertinentium
699 2673 834 2718 suorum
857 2653 1097 2728 universorum,
1119 2673 1180 2737 per
1201 2672 1261 2716 vos
1282 2651 1336 2715 vel
1357 2671 1431 2716 suc·

378 2773 520 2819 cessores
553 2759 690 2832 vestros,
722 2776 780 2820 seu
814 2753 918 2819 elium
952 2755 1007 2820 vel
1038 2754 1121 2819 elios
1151 2753 1284 2818 nomine
1310 2756 1430 2830 vestro,

378 2855 481 2921 libere
513 2861 547 2922 et
579 2857 703 2943 absque
737 2856 975 2944 impedimento
1008 2855 1263 2943 apprehendere,
1293 2877 1433 2941 eamque

378 2958 425 3023 sic
447 2960 686 3045 apprehensam
709 2960 861 3037 retinere,
883 2964 985 3045 etque
1008 2959 1149 3037 fructus,
1172 2959 1332 3038 redditus,
1354 2982 1432 3045 pro·

378 3066 508 3139 ventus,
532 3066 567 3126 et
590 3062 807 3127 obventiones
830 3082 1054 3147 quascumque
1068 3060 1111 3126 ad
1134 3060 1257 3125 dictam
1273 3060 1432 3125 vicariam

378 3162 661 3248 qualitercumque
693 3163 897 3249 pertinentes
926 3163 963 3226 in
986 3166 1121 3238 vest-ros,
1144 3167 1179 3226 et
1209 3182 1433 3227 successorum

378 3268 574 3343 vestrorum,
597 3270 697 3351 etque
720 3265 859 3349 Collegii
893 3264 998 3331 vestri
1021 3264 1213 3350 hujusmodi
1238 3265 1332 3353 [ursus
1353 3287 1432 3351 pro·

377 3364 482 3453 prius]
507 3372 696 3433 convertere
719 3388 780 3453 pro
803 3366 930 3432 futuris
947 3366 1152 3453 temporibus
1166 3366 1432 3453 im'perpetuum3

377 3467 527 3533 volentes
558 3467 656 3530 simul
689 3489 764 3533 cum
797 3468 871 3547 hoc,
893 3474 928 3532 et
957 3472 1071 3532 tenore
1104 3468 1321 3553 praesentium
1344 3468 1432 3533 ordi·

377 3573 494 3633 nentes
526 3573 560 3633 et
594 3568 817 3646 decernentea
854 3568 943 3654 quod
975 3568 1135 3655 praefatus
1166 3566 1328 3657 Magister
1359 3571 1432 3636 sive

377 3670 578 3755 Praepositus
610 3674 645 3735 et
668 3669 849 3756 Capeliani,
871 3690 1051 3755 eorumque
1084 3691 1295 3750 successores,
1317 3694 1432 3738 omnes

376 3769 623 3856 reparationes,1
667 3770 873 3849 refectiones,
919 3777 954 3838 et
991 3774 1251 3838 constructiones
1295 3776 1432 3841 cancelli

376 3871 528 3957 preefetae
562 3874 705 3939 ecclesiae
729 3874 770 3940 de
795 3874 889 3961 Wye,
913 3875 1066 3960 quotiens
1089 3880 1124 3941 et
1156 3876 1289 3961 quando
1320 3899 1431 3945 neces·

376 3972 501 4037 surium
524 3974 632 4053 fuerit,
655 3996 782 4041 necnon
817 3977 929 4041 omnia
950 3981 985 4042 et
1014 3978 1147 4065 singule
1168 3982 1239 4042 tem
1262 4001 1374 4045 curam
1397 3986 1433 4047 et

376 4074 524 4164 regimen
556 4077 742 4143 animarum
782 4080 1058 4164 parochianorum
1094 4080 1242 4165 ejusdem
1280 4083 1431 4162 ecclesiae,

376 4198 476 4263 quem
508 4176 698 4243 divinorum
732 4178 923 4258 officiorum,
947 4188 1237 4262 sacramentorum,
1259 4189 1294 4250 et
1325 4208 1434 4252 secra·

375 4276 571 4342 mentalium
606 4278 816 4364 parochianis
848 4282 1121 4365 exhibendorum,
1152 4287 1432 4353 ministrationem

375 4380 614 4455 concernentia,
637 4386 671 4444 et
694 4381 762 4447 elia
783 4384 953 4451 ordinaria
976 4390 1011 4451 et
1040 4386 1308 4455 extiaordinerie
1330 4413 1432 4457 onera

375 4501 588 4565 quaecumque
612 4480 718 4546 cidem
741 4484 875 4550 vicariae
896 4486 1181 4574 qualitercumque
1196 4490 1433 4572 incumbentia,

722 4722 729 4755 ¹
748 4724 826 4774 omnis
836 4727 1022 4790 reparaciouie,
1033 4728 1091 4781 MS.
