3350 5800
626 858 918 908 aemimontum.
1262 842 1300 900 b'l

247 1020 342 1085 nobis
367 1018 479 1083 visum
497 1018 609 1095 fuerit,
625 1018 862 1083 ordinaremus,
909 1015 978 1082 Nos
1000 1022 1121 1091 autern,
1136 1038 1179 1079 ex
1201 1036 1300 1079 carisa

247 1122 406 1188 exilitatis
440 1122 617 1209 praedictae,
652 1128 687 1185 et
726 1142 783 1205 pro
821 1141 959 1183 numero
1004 1120 1230 1183 ministrorum
1263 1118 1299 1181 in

246 1224 335 1289 dicto
358 1223 529 1309 Hospitali
553 1221 807 1309 augmentando,
830 1221 874 1286 ad
903 1220 1058 1305 majorem
1082 1219 1146 1284 Dei
1169 1218 1300 1285 laudem

246 1334 282 1392 et
312 1326 355 1390 ob
386 1325 549 1390 medelam
581 1324 767 1389 animarum
801 1324 1042 1409 praedictarum,
1065 1320 1302 1408 supplicacioni

247 1430 327 1495 dicti
350 1428 489 1493 Domini
505 1426 729 1492 Bartholomei
752 1425 981 1491 favorabiliter
1003 1424 1164 1501 inclinati,
1180 1424 1303 1488 dictam

245 1530 428 1597 cantariam
453 1530 495 1594 ad
530 1529 654 1593 dictum
691 1527 875 1613 Hospitale,
897 1527 938 1592 de
961 1548 1120 1591 consensu
1153 1527 1224 1611 ejus
1247 1548 1304 1589 ex-

248 1653 360 1719 presso
384 1630 586 1697 auctoritate
609 1636 721 1693 nostra
738 1629 914 1704 ordinaria,
932 1628 1168 1705 transferimus,
1184 1629 1303 1713 ipsam·

248 1754 323 1819 que,
358 1754 430 1795 cum
470 1736 543 1797 tota
582 1730 658 1795 dote
696 1751 757 1795 sua
788 1729 951 1815 praedicta
983 1736 1018 1794 et
1047 1730 1200 1794 omnibus
1234 1728 1305 1813 ejus

249 1833 476 1921 pertinenciis,
500 1833 607 1897 eidem
641 1831 808 1917 Hospitali
841 1838 1001 1917 perpetuo
1031 1831 1226 1907 adunamus,
1249 1853 1306 1894 nn-

250 1936 421 2011 neotimus,
446 1939 481 1999 et
504 1934 766 2019 incorporamus3
791 1934 938 1998 volentes
962 1943 997 1998 et
1012 1934 1203 1999 ordinantes
1218 1934 1306 2018 quod

250 2036 401 2103 sacerdos
435 2037 492 2122 qui
517 2034 680 2100 deserviet
704 2035 809 2099 eidem
841 2036 997 2101 cantarise
1028 2038 1141 2119 (quam
1177 2036 1307 2122 inipso

253 2136 421 2223 Hospitali
459 2136 610 2201 volumus
649 2158 716 2201 esse
755 2142 948 2221 perpetuam
982 2142 1017 2202 et
1039 2136 1230 2204 Cantariam
1265 2139 1306 2203 de

255 2240 361 2304 Beata
376 2238 512 2324 Virgine
536 2237 714 2322 nominari)
739 2236 936 2322 aMagistro
959 2260 1016 2302 seu
1034 2236 1179 2305 Custode
1201 2240 1306 2325 ipsius

256 2339 441 2426 Hospitalis
487 2340 543 2424 qui
589 2360 649 2424 pro
695 2345 843 2425 tempore
890 2339 992 2404 fuerit
1037 2339 1126 2405 ultra
1164 2349 1307 2427 quatuor

256 2464 390 2519 marcas,
420 2441 464 2507 ad
505 2462 587 2526 quas
620 2440 712 2505 valor
756 2461 887 2505 annuus
935 2442 1033 2507 dictae
1064 2443 1151 2507 dotis
1185 2444 1307 2509 dicitur

256 2545 431 2611 ascendere
465 2542 522 2630 (de
557 2565 623 2628 qua
654 2543 731 2608 dote
766 2544 921 2629 disponet
952 2543 1054 2609 libere
1087 2544 1157 2631 ipse
1189 2540 1326 2612 Custos

258 2670 315 2713 seu
366 2646 524 2732 Magister
562 2645 650 2709 sicut
695 2644 735 2709 de
781 2644 1040 2731 possessionibus
1086 2646 1161 2711 aliis
1205 2648 1309 2733 ipsius

259 2748 460 2835 Hospitalis)
505 2748 545 2813 de
594 2747 751 2833 Magistro
789 2746 872 2812 dicti
919 2748 1105 2835 Hospitalis
1149 2750 1309 2837 bonisque

259 2862 294 2923 et
316 2855 532 2942 proventibus
556 2852 699 2939 ejusdem
724 2874 783 2919 sex
806 2876 933 2921 marcas
949 2856 1111 2942 percipiat
1127 2858 1309 2937 amuatim,

260 2978 398 3044 quarum
422 2978 481 3021 sex
513 2977 704 3033 marcarum,
727 2957 901 3022 annuatim
925 2957 1157 3023 solvendarum
1179 2959 1223 3026 ad
1246 2966 1309 3026 ter-

261 3061 366 3124 minos
388 3057 625 3143 infrascriptos
648 3078 731 3122 onus
755 3057 862 3122 eidem
894 3059 1056 3145 Magistro
1079 3064 1113 3124 et
1136 3060 1313 3148 Hospitali‚

261 3162 300 3228 de
323 3181 481 3226 consensu
506 3158 654 3244 Magistri
681 3160 785 3245 ipsius
809 3181 974 3246 expresso,
990 3161 1092 3227 eciam
1116 3165 1312 3230 auctoritate

263 3273 374 3330 nostra
407 3262 582 3336 ordinaria,
619 3270 787 3348 perpetuo,
823 3285 866 3327 ex
904 3264 1012 3329 causis
1044 3265 1218 3349 praedictis,
1252 3268 1313 3330 irn·

262 3365 434 3452 ponimus;
456 3368 496 3426 ut
511 3361 558 3428 sic
581 3361 729 3428 sacerdos
752 3365 822 3449 ipse
846 3365 881 3428 in
904 3363 993 3429 dicto
1009 3365 1185 3452 Hospitali,
1200 3389 1314 3434 secun-

265 3468 343 3533 dum
366 3469 562 3552 praesentem
596 3464 853 3542 ordinacionem,
878 3465 1065 3532 deserviens
1095 3467 1131 3531 in
1165 3469 1314 3534 sutorum

266 3570 376 3634 decem
408 3587 535 3631 marcas
569 3564 691 3631 habeat
722 3589 782 3653 pro
806 3567 899 3632 victu
935 3589 995 3633 suo
1017 3571 1229 3656 competenti,
1251 3573 1315 3636 sibi

265 3670 307 3736 ad
340 3669 428 3734 festa
462 3666 595 3733 Natalis
626 3668 774 3748 Domini,
808 3669 943 3747 Pascha,
967 3669 1167 3738 Nativitatis
1200 3673 1315 3740 Sancti

265 3771 428 3837 Johannis
452 3769 623 3856 Baptista,
647 3776 681 3834 et
706 3770 820 3835 Sancti
840 3771 1021 3850 Michaelis,
1035 3775 1218 3860 aequalibus
1239 3798 1313 3863 por-

266 3873 414 3939 cionibus
438 3871 612 3936 solvendas
635 3873 808 3937 annuatim
827 3873 864 3937 in
880 3873 1004 3960 capella
1027 3876 1106 3942 dicti
1123 3877 1315 3965 Hospitalis,

266 3977 359 4042 Etsi
382 3975 466 4039 forte
489 3974 577 4038 idem
604 3975 763 4060 Magister
785 3997 844 4041 seu
877 3976 996 4043 Custos
1018 3979 1129 4066 aliquo
1152 3983 1315 4050 dictorum

267 4079 421 4144 festorum
456 4077 492 4140 in
526 4075 690 4141 solucione
714 4075 904 4162 hujusmodi
932 4080 1065 4147 deficiat
1091 4084 1315 4170 imposterum,

266 4181 319 4246 vel
341 4181 378 4242 in
399 4181 493 4264 parte
518 4177 570 4242 vel
593 4177 628 4242 in
653 4183 734 4255 toto,
757 4178 798 4243 de
821 4201 980 4246 consensu
1000 4183 1152 4270 Magistri
1175 4191 1317 4255 auctori-

268 4287 399 4366 tateque
434 4283 546 4344 nostra
578 4280 744 4364 praedicta,
766 4280 865 4347 licere
897 4284 1050 4350 volumus
1081 4287 1188 4353 eidem
1210 4311 1315 4358 sacer-

270 4383 337 4448 doti
360 4403 457 4467 super
471 4381 624 4447 omnibus
646 4382 743 4448 terris
767 4384 807 4448 de
831 4384 908 4450 dote
932 4386 1030 4453 diotre
1053 4391 1211 4458 anariae
1225 4395 1315 4479 apud

271 4485 408 4559 Bourne,
419 4488 453 4547 et
468 4483 502 4546 in
519 4483 671 4548 omnibus
683 4484 757 4550 aliis
770 4487 867 4552 terris
879 4495 913 4553 et
929 4493 1126 4558 tenementis
1139 4495 1315 4580 adquisitis

274 4591 306 4651 et
337 4583 554 4671 appropriatis
586 4585 675 4651 dicto
707 4586 876 4674 Hospitali
909 4591 950 4656 de
984 4613 1071 4657 novo
1093 4595 1130 4660 in
1153 4595 1243 4663 Villa
1274 4600 1316 4666 de

275 4689 391 4762 Herne,
425 4686 513 4772 apud
553 4686 781 4772 Mekynbrokc
814 4697 851 4756 et
872 4693 1052 4773 Akermell‚
1075 4719 1134 4783 per
1155 4698 1262 4764 Adam
1287 4703 1319 4768 le

279 4791 352 4875 llyr,
377 4810 448 4873 quae
467 4788 536 4873 jam
562 4789 603 4853 ad
628 4791 754 4856 firmam
778 4791 997 4864 dimittuntur
1012 4818 1073 4882 pro
1089 4800 1200 4868 decem
1216 4803 1311 4870 libris
