3350 5800
400 806 463 867 140
854 816 987 867 amasa

398 1002 578 1069 Ecelesiam
608 1002 848 1081 concernentia,
880 1006 992 1069 vestra
1022 1003 1229 1089 promotione
1267 1004 1451 1081 exultabili,

396 1104 534 1171 feliciter
572 1104 787 1182 reflorescent,
820 1110 1010 1191 statumque
1053 1112 1224 1173 resument
1259 1108 1452 1174 altitudinis

395 1206 582 1290 primitivae.
631 1206 675 1270 Et
707 1228 766 1292 pro
800 1206 1034 1272 informatione
1065 1208 1206 1293 pleniori
1242 1211 1450 1294 quorundam

396 1308 649 1395 premissorum,
688 1314 807 1373 vestrae
845 1309 1019 1375 serenitati
1055 1310 1084 1373 si
1121 1310 1259 1395 placeat,
1297 1318 1449 1377 noenum

395 1411 665 1478 commonaohum
698 1416 732 1475 et
766 1411 966 1476 confratrem
989 1412 1174 1478 Henricum
1209 1414 1343 1494 Sutton,
1365 1435 1450 1499 prae·

395 1515 539 1581 sentium
573 1514 777 1600 portitorem,
801 1514 960 1578 duximus
994 1515 1313 1594 transmittendum;
1336 1516 1390 1582 cui
1411 1517 1448 1580 in

395 1615 543 1681 dicendis
584 1614 684 1679 fidem
730 1613 898 1680 credulam
938 1614 1096 1679 adhibere
1134 1615 1291 1701 dignetur
1327 1622 1446 1683 vestrae

395 1717 611 1803 benignitatis
644 1715 848 1781 nobilissima
880 1715 1060 1795 celsitudo;
1083 1738 1184 1802 quarn
1215 1718 1259 1783 ad
1298 1718 1379 1783 felix
1412 1724 1447 1784 et

395 1820 546 1905 quietum
569 1818 724 1884 Ecclesiae
747 1840 815 1883 suae
838 1818 986 1905 regimen
1007 1824 1043 1883 et
1065 1819 1235 1883 munimen
1265 1820 1323 1884 diu
1346 1827 1447 1907 regat,

396 1922 526 2007 dirigat,
542 1926 576 1985 et
599 1924 771 1986 conservet
793 1920 828 1983 in
845 1920 1019 2005 prosperis,
1035 1919 1215 1985 ineffabilis
1237 1926 1273 1985 et
1288 1922 1448 1988 immensa

394 2024 569 2089 clementia
592 2021 797 2087 Beatissimae
829 2021 1013 2087 Trinitatis.
1060 2021 1229 2107 Scriptum
1259 2022 1447 2090 Cantuariae

395 2124 448 2189 die
472 2123 638 2189 Passionis
661 2123 777 2189 Sancti
800 2122 937 2189 Thomae
962 2123 1124 2209 Martyris
1146 2124 1290 2210 gloriosi.

251 2414 280 2459 ¹²
293 2408 363 2475 tus·
395 2405 669 2475 ecs-mmm
695 2404 849 2469 Asnaus
880 2403 1101 2468 Mouasraan
1133 2403 1264 2469 Sauum
1297 2402 1448 2469 Basrrnr

269 2480 340 2525 ¹⁴²¹·
550 2506 749 2573 resarcio
773 2508 978 2571 Aunouaao
1009 2520 1111 2570 mssa
1141 2504 1269 2569 Paroar
1292 2521 1335 2569 rr
1356 2503 1446 2570 Con-

225 2593 250 2643 θ·
263 2596 331 2642 ⁸⁶⁰·
551 2624 684 2673 vunrur
708 2624 774 2673 raa
798 2623 921 2671 norun
954 2622 1115 2671 narvrun
1137 2623 1311 2685 aaronem,
1335 2624 1448 2673 causa

553 2724 833 2775 rrarnamrams

226 2883 307 2962 Peaee
441 2872 649 2941 Venerabilis
672 2878 777 2960 pater,
799 2869 988 2938 humillima
1021 2872 1342 2938 recommendatione
1364 2895 1450 2959 prae·

223 2951 358 3066 wion.
393 2978 503 3056 missa,
540 2975 725 3064 specialem,
757 2997 778 3040 a
810 2980 958 3060 tempore
996 2973 1111 3040 Sancti
1147 2974 1281 3041 Thomas
1312 2976 1449 3062 gloriosi

223 3083 337 3200 wien
396 3079 559 3166 Martyris
584 3076 831 3163 Archiepiseopi
855 3075 1114 3154 Cantuariensis,
1144 3077 1344 3156 societatem,
1367 3080 1450 3143 arni-

223 3215 342 3278 anglena
394 3182 518 3260 citiam,
549 3187 583 3246 et
617 3180 654 3244 in
687 3177 813 3243 Christi
847 3177 1102 3244 iratemitatem.
1148 3177 1289 3244 Devotis
1322 3181 1449 3266 suppli-

223 3281 381 3398 fflffi'
394 3282 579 3350 sationibus
611 3279 795 3366 specialiter
829 3300 1012 3354 exoramus,
1035 3279 1194 3364 quatinus
1225 3301 1285 3366 pro
1316 3281 1449 3346 dilectis

223 3413 375 3465 ofsener-
394 3386 489 3451 nobis
524 3385 559 3448 in
598 3382 733 3448 Christo
767 3381 941 3446 Fratribus
972 3380 1125 3446 Johanne
1158 3381 1300 3458 Abbate,
1338 3382 1447 3460 Petro,

222 3478 371 3596 ξῖἰξῐῗξὼ
394 3487 557 3568 Johanne,
596 3485 715 3572 Eligio,
753 3484 988 3570 Enguerramo,
1027 3483 1164 3561 Jacobo,
1203 3489 1237 3548 et
1283 3483 1447 3562 Johannc,

223 3611 361 3662 maharu.
393 3587 636 3657 commonachis
675 3587 796 3652 nostris
828 3585 994 3672 professis,
1025 3585 1062 3648 in
1093 3585 1286 3670 patentibus
1324 3589 1448 3653 nostris

222 3678 357 3793 ἱξζζίῇζᾱ
392 3686 515 3757 litteris
549 3689 754 3777 generaliter,
779 3693 814 3752 et
851 3686 1071 3773 praesentibus
1105 3687 1300 3773 specialiter,
1324 3710 1447 3754 recem.

224 3809 348 3860 sincerae
394 3793 569 3868 mendatis,
604 3791 667 3855 Dei
700 3795 735 3854 et
769 3790 927 3854 fraternae
961 3787 1111 3853 caritatis
1142 3788 1278 3865 intuitu,
1313 3811 1448 3855 exorare

220 3876 527 4002 ffiffimvelitiffi
549 3898 585 3958 et
618 3891 659 3957 de
691 3895 783 3956 statu
814 3911 872 3954 seu
895 3889 1007 3954 valore
1041 3889 1203 3953 bonorum
1237 3888 1446 3956 ecclesiarum

222 4007 318 4058 anone
395 3999 605 4060 nostrarum¹
644 3993 684 4059 de
724 3992 888 4069 Chilham,
927 3990 1102 4076 Truillega,
1142 3995 1177 4055 et
1223 3990 1372 4073 Molesse‚
1409 3994 1447 4058 in

221 4073 352 4205 ffifm
395 4098 555 4164 comitatu
580 4095 717 4162 Kauciee
740 4095 967 4171 existentium,
982 4115 1042 4180 per
1061 4093 1200 4159 latorem
1223 4094 1447 4179 praesentium,

221 4205 348 4284 tunirypr'
395 4199 624 4265 Baldewinum
657 4197 828 4283 Hapiette,
852 4195 917 4261 Dei
940 4200 976 4260 et
998 4195 1151 4280 specialis
1183 4196 1342 4262 fraternae
1363 4200 1446 4264 cari-

220 4271 355 4392 fflffi
393 4303 474 4370 tatis
498 4301 666 4388 praedietae
689 4299 828 4378 intuitu,
852 4298 1029 4364 rescribere
1060 4298 1244 4384 dignemini
1267 4306 1302 4364 et
1326 4299 1447 4366 velitis

220 4405 379 4456 ⁸t⁸t0⁰f²l¹0
392 4407 546 4472 Vestram
569 4401 785 4470 reverendam
818 4399 1056 4486 paternitatem
1078 4405 1113 4464 et
1137 4398 1351 4465 Conventum
1373 4423 1446 4467 ves-

220 4472 334 4522 Kantish
856 4501 863 4515 ,
901 4501 908 4516 ,
1313 4503 1319 4515 Ι

219 4545 340 4603 property
351 4537 379 4588 of
392 4515 483 4575 trum
529 4505 747 4572 reverendum
791 4501 985 4568 Altrssrmus
1039 4521 1233 4605 conservare
1287 4503 1446 4588 drgnetur

218 4605 259 4654 his
272 4619 373 4655 monae

219 4675 393 4734 terp,

767 4730 774 4762 ¹
788 4729 898 4781 ecchaioe
908 4734 1010 4790 παίω,
1023 4728 1077 4780 MS.
