3350 5800
589 891 879 943 essrcsnmnsns
1196 875 1261 939 259

210 1070 357 1135 servitiis
372 1074 406 1135 et
421 1069 593 1135 domandis
608 1070 703 1134 nobis
719 1073 754 1133 et
769 1068 955 1133 haeredibus
979 1066 1100 1132 nostris
1122 1066 1259 1131 redden·

208 1170 269 1248 dis,
285 1172 363 1238 dare
378 1174 515 1258 possint,
526 1177 561 1237 et
584 1156 697 1258 possit,
724 1178 757 1235 et
785 1170 960 1237 concedere
983 1168 1112 1235 dilectis
1138 1168 1260 1233 nostris

208 1272 244 1336 in
260 1272 394 1339 Christo
404 1274 570 1341 Willelmo
580 1295 669 1340 nunc
685 1274 792 1339 Priori
807 1273 961 1339 Ecclesiae
974 1271 1100 1339 Christi
1116 1270 1262 1337 Cantus·

206 1374 325 1440 riensis
348 1382 383 1442 et
407 1377 551 1463 ejusdem
575 1377 638 1443 loci
655 1375 846 1442 Conventui
868 1379 903 1439 et
918 1374 1158 1441 successoribus
1182 1373 1260 1450 suis,

208 1477 396 1544 habendum
420 1485 455 1545 et
477 1480 666 1557 tenendum,
682 1479 744 1544 sibi
768 1483 934 1544 eteorum
960 1475 1198 1542 successoribus
1224 1476 1260 1539 in

207 1585 411 1665 perpetuum,
424 1582 526 1667 juxta
541 1581 785 1647 ordinationem
808 1580 954 1666 ipsorum
971 1578 1165 1655 Gardinalis
1181 1578 1260 1665 Epi-

207 1702 388 1767 scoporum,
410 1684 585 1762 Johsnnis,
607 1684 750 1760 Thomas,
770 1682 944 1759 Jobannis,
964 1680 1136 1757 Johannis,
1158 1680 1260 1745 Alex·

208 1784 313 1863 andri,
329 1790 364 1850 et
388 1786 546 1851 Willelmi
570 1784 736 1862 Duraunt,
759 1806 817 1849 seu
840 1806 953 1849 eorum
976 1783 1162 1868 aliquorum
1199 1786 1259 1848 aut

207 1884 354 1970 alicujus,
378 1888 415 1951 in
437 1886 499 1953 hac
522 1892 616 1973 parte
639 1885 831 1953 faciendam.
877 1884 923 1950 Et
945 1884 1068 1949 eisdem
1092 1883 1197 1949 Priori
1224 1888 1259 1948 et

207 1982 396 2053 Conventni
411 1993 445 2053 et
460 1988 696 2055 successoribus
712 1988 788 2067 suis,
805 1986 893 2073 quod
908 1986 973 2073 ipsi
988 1986 1173 2050 dominium
1187 1984 1259 2049 sive

206 2090 392 2154 manerium
414 2090 619 2176 praedictum,
643 2089 725 2156 alias
756 2090 883 2156 dictum
913 2090 1096 2176 prioratum
1119 2087 1257 2173 praedic·

207 2194 290 2272 tum,
314 2214 390 2258 cum
423 2193 576 2259 omnibus
609 2193 715 2270 terris,
739 2192 949 2269 tenementis,
971 2191 1086 2278 pratis,
1102 2191 1257 2277 pasturis,

207 2291 322 2372 boscis,
337 2294 531 2372 redditibus,
546 2299 581 2360 et
603 2294 763 2372 servitiis,
778 2316 817 2359 ac
842 2293 1056 2379 pertinentiis
1078 2293 1255 2380 praedictis,

206 2414 227 2457 a
275 2396 422 2479 praefatis
461 2395 650 2474 Osrdinale,
695 2395 871 2483 Episcopis,
906 2394 1074 2474 «Iohanne,
1119 2395 1255 2472 Thoma,

205 2495 367 2577 Johanne,
401 2498 562 2578 Jobanne,
598 2498 794 2577 Alexandro,
818 2498 984 2563 Willelmo
1008 2498 1171 2575 Dorsum,
1198 2520 1256 2563 seu

207 2618 319 2662 eorum
342 2598 510 2685 aliquibus
532 2599 587 2664 vel
610 2598 730 2685 aliquo,
753 2600 898 2685 recipere
925 2600 1063 2685 possint,
1087 2604 1256 2664 obtenere

206 2700 329 2765 eisdem
351 2723 440 2767 nunc
464 2701 572 2766 Priori
595 2707 630 2767 et
653 2700 843 2768 Conventui
866 2706 902 2766 et
924 2701 1163 2767 successoribus
1178 2702 1257 2779 suis,

208 2802 294 2868 sicut
316 2802 497 2887 praeiatum
520 2808 578 2881 est,
603 2803 873 2890 inperpetuum,
898 2808 1012 2869 tenore
1035 2803 1255 2889 preasentimn

206 2904 368 2971 Similiter
391 2905 558 2972 licentiam
581 2905 732 2971 dedimus
764 2905 947 2991 specialem,
969 2906 1094 2991 absque
1124 2905 1256 2991 impoti-

208 3007 299 3072 tione
321 3008 376 3073 vel
403 3009 640 3095 impedimento
663 3008 770 3073 nostri
793 3007 848 3072 vel
875 3007 1044 3073 haeredum
1067 3013 1255 3073 nostrorum

207 3130 496 3197 quorumcumque,
512 3116 547 3176 et
570 3111 694 3196 absque
721 3109 889 3196 aliquibus
917 3109 993 3175 aliis
1020 3109 1141 3175 litteris
1156 3110 1256 3196 regiis

206 3213 406 3298 patentibus,
430 3219 491 3279 aut
521 3213 634 3298 eliqua
668 3212 885 3298 inquisitione
907 3234 1005 3298 super
1027 3211 1139 3298 aliquo
1162 3212 1256 3277 brevi

206 3314 248 3379 de
271 3314 318 3382 ad
342 3314 434 3402 qood
458 3316 661 3402 dornpawm,
685 3315 740 3379 vel
763 3314 875 3400 aliquo
896 3314 963 3380 alio
985 3315 1144 3380 mandato
1166 3315 1256 3400 regio

204 3417 240 3480 in
262 3416 324 3483 hac
346 3423 441 3502 parte
464 3417 679 3504 quovismodo
701 3415 863 3494 habendo,
885 3421 920 3481 et
942 3415 1176 3503 persequendo,
1198 3438 1256 3481 seu

205 3519 371 3605 capiendo,
387 3540 515 3585 necnon
537 3519 664 3604 absque
679 3518 746 3583 fine
769 3540 828 3583 seu
846 3517 943 3583 feodo
965 3518 1062 3583 nobis
1077 3518 1131 3582 vel
1152 3517 1257 3583 haere-

205 3621 302 3686 dibus
325 3621 446 3686 nostris
469 3619 685 3706 quovismodo
702 3619 880 3699 solvendo;
903 3623 1030 3683 statuto
1047 3618 1087 3684 de
1110 3619 1207 3684 terris
1222 3622 1257 3683 et

203 3724 401 3790 tenementis
416 3723 458 3788 ad
473 3745 609 3788 manum
625 3728 789 3788 mortuam
804 3743 874 3786 non
895 3722 1056 3806 ponendis
1071 3727 1130 3787 aut
1145 3721 1257 3808 aliquo

203 3825 269 3891 alio
288 3831 426 3903 statuto,
441 3823 541 3902 actu,1
566 3825 638 3890 sive
653 3823 863 3889 ordinatione
878 3823 915 3887 in
930 3825 1140 3904 contrarium,
1156 3824 1255 3902 lactc,

204 3927 304 4005 edito,
338 3929 409 3993 sivo
444 3927 604 4003 ordinat0‚
640 3931 700 3991 aut
734 3925 802 3992 alia
834 3925 950 4011 aliqua
987 3948 1031 4003 re,
1062 3949 1169 4005 causa,
1201 3927 1255 3993 vel

204 4030 345 4096 materia
376 4050 583 4115 quacumque
605 4049 673 4093 non
706 4027 870 4094 obstante.
917 4027 960 4092 In
991 4030 1086 4114 cnjus
1120 4031 1167 4096 rei
1190 4037 1255 4095 tes-

204 4126 382 4197 timonium
415 4133 476 4196 has
498 4131 628 4195 litteras
661 4135 793 4194 nostras
825 4129 897 4194 fieri
934 4130 1071 4196 fecimus
1094 4137 1254 4216 patentes.

204 4233 302 4299 Teste
334 4233 458 4320 meipso
492 4231 583 4319 apud
616 4231 960 4308 Westmonasterium‚
998 4232 1164 4299 tricesimo
1201 4233 1256 4297 die

202 4334 409 4412 Novembris,
431 4355 520 4399 anno
542 4333 635 4418 regni
658 4333 763 4397 nostri
786 4332 987 4400 duodecimo.

1049 4427 1207 4502 Moaros.

425 4535 487 4601 Per
525 4536 635 4621 ipsum
672 4557 783 4622 regem
822 4541 857 4601 et
895 4535 936 4601 de
967 4536 1047 4602 data
1085 4537 1253 4624 praedicta,

469 4637 669 4704 anctoritate
692 4637 910 4723 parliamenti.

626 4873 633 4906 ¹
645 4879 730 4934 auctu,
742 4873 796 4925 MS.
