3350 5800
602 838 893 886 rsurnnnrnnsea.
1256 830 1275 892 7

208 993 338 1060 festum
355 997 469 1062 Beatae
486 998 601 1063 Mariae
624 1000 798 1065 annuatim
823 1000 1000 1080 solvenda;
1023 1005 1057 1065 et
1080 1000 1158 1067 licet
1181 1002 1271 1068 dicta

208 1118 327 1164 annua
365 1100 491 1185 pensio,
530 1101 656 1166 virtute
695 1102 867 1187 cujusdam
906 1102 1128 1169 ordinacionis
1165 1124 1272 1189 nuper

207 1203 303 1284 apud
328 1201 499 1267 Gildelord
534 1202 629 1267 lacteo
654 1203 757 1289 (quod
780 1202 922 1290 quilibet
951 1203 1076 1270 tutem
1107 1204 1271 1270 mindi

206 1308 237 1364 ct
266 1304 491 1386 possessiones
509 1304 564 1368 te
587 1311 679 1369 terre
702 1304 891 1382 Hiberniae,
922 1305 965 1369 in
987 1305 1120 1371 dictom
1142 1313 1270 1371 terram

204 1402 393 1470 Hiberniae
423 1406 560 1481 veniret,
583 1406 633 1471 cel
657 1414 769 1491 pentes
799 1406 1001 1492 sufficientes
1031 1408 1160 1473 ibidem
1190 1409 1270 1475 nsit·

206 1511 302 1582 teret,
328 1514 407 1571 orem
432 1506 561 1592 festum
583 1508 716 1573 Pascha
751 1531 848 1574 anno
870 1510 969 1594 repul
996 1511 1108 1576 rwstrt
1131 1510 1272 1595 Anplc'oe

205 1607 475 1692 quadrupesimo
510 1610 619 1682 tereto,
644 1610 693 1675 vel
725 1610 837 1678 eodem
854 1609 951 1695 festo,
973 1611 1022 1677 cd
1056 1612 1271 1677 merelatum

205 1730 316 1795 stupor
337 1709 570 1796 defensionem
593 1720 768 1777 terrorum
791 1719 820 1778 et
855 1712 1098 1779 mersorum
1127 1734 1272 1779 errorum

206 1808 351 1888 ibidem,
398 1812 459 1877 sub
502 1811 737 1898 forisfactura
785 1815 984 1895 secundm)
1028 1837 1066 1880 ae
1113 1815 1142 1879 si
1183 1816 1269 1880 dicta

206 1914 328 1997 pensio
362 1915 554 2000 temporalis
592 1916 759 1993 existeret,
788 1936 864 1982 cum
898 1937 966 1981 non
1004 1918 1140 1994 existat,
1175 1924 1272 2002 capta

206 2017 322 2081 estin
355 2037 492 2081 manum
524 2022 693 2095 nostram;
716 2018 804 2081 unde
837 2018 932 2082 nobis
966 2018 1196 2104 supplicarunt
1231 2026 1270 2082 ut

207 2118 459 2183 restitucionern
485 2118 583 2183 dictae
605 2119 774 2203 pensionis
796 2118 860 2182 sibi
884 2118 957 2183 fieri
976 2118 1095 2203 jubere
1118 2119 1268 2198 velimus.

208 2217 257 2282 nt
281 2219 360 2303 quia
384 2242 443 2305 per
464 2240 524 2283 nos
548 2226 583 2283 et
605 2219 779 2285 consilium
815 2225 965 2283 nostrum
988 2219 1105 2284 extitit
1138 2240 1269 2284 concor-

208 2322 339 2399 datum,
354 2322 443 2408 quod
458 2322 678 2408 possessiones
691 2320 921 2386 ecclesiasticae
932 2322 967 2385 in
987 2330 1074 2386 terra
1086 2320 1268 2399 Hiberniae,

207 2423 238 2487 si
264 2446 340 2509 quae
372 2425 541 2490 occasione
575 2424 797 2489 ordinacionis
828 2424 997 2509 praedictae
1020 2428 1127 2509 captae
1159 2430 1268 2488 essent

209 2526 248 2589 in
298 2546 433 2591 manum
484 2531 640 2601 nostram,
687 2524 963 2603 restituerentur;
994 2524 1144 2589 volentes
1192 2546 1268 2589 cum

212 2628 337 2693 eisdem
360 2650 458 2715 agere
480 2628 636 2715 graciose,
659 2627 753 2692 vobis
777 2631 811 2690 et
844 2626 981 2691 cuilibet
1005 2631 1152 2691 vestrum
1176 2647 1268 2691 man-

213 2730 339 2806 damus,
374 2730 461 2815 quod
497 2729 526 2793 si
557 2729 648 2793 dicta
681 2728 804 2814 pensio,
837 2728 1005 2793 occasione
1050 2727 1268 2791 ordinacionis

212 2832 380 2918 predicte
402 2837 436 2898 et
459 2852 526 2895 non
560 2829 680 2908 aliter,1
703 2832 737 2893 in
762 2851 860 2894 manu
894 2833 1007 2893 nostra
1030 2829 1163 2902 existat,
1188 2834 1269 2892 tunc

213 2933 321 2999 eidem
360 2933 466 2998 Priori
505 2932 627 2998 dictam
667 2933 866 3017 pensionem,
906 2953 972 2996 una
1008 2951 1084 2996 cum
1122 2930 1268 2994 exitibus

214 3036 293 3100 inde
316 3035 488 3122 perceptis,
513 3035 583 3099 sine
615 3032 777 3097 dilacione
813 3032 1043 3110 deliberantes,
1065 3032 1173 3116 ipsum
1209 3052 1267 3095 seu

212 3137 284 3222 ejus
316 3141 523 3202 attomatum
556 3135 746 3220 pensionem
782 3132 875 3198 illam
908 3133 1011 3197 libere
1035 3132 1201 3218 percipere
1234 3139 1268 3196 et

212 3237 334 3304 habere
356 3238 567 3324 permittatis,
585 3241 685 3321 prout
708 3240 785 3299 ante
808 3235 1051 3300 ordinacionem
1075 3233 1266 3319 praedictam

211 3340 378 3426 percipere
421 3347 455 3404 et
498 3338 620 3402 habere
644 3401 645 3404 ,
668 3341 919 3412 consueverunt,
964 3333 1117 3400 absencia
1162 3332 1267 3418 ipsius

212 3441 349 3518 Prioris,
388 3461 444 3504 seu
483 3437 691 3504 ordinacione
733 3437 902 3522 praedicta,
941 3456 1008 3499 non
1047 3433 1265 3500 obstantibus.

212 3542 309 3608 Teste
344 3542 433 3628 Rege
471 3541 559 3626 apud
599 3537 940 3612 westmonasterium,
979 3536 1044 3622 vjt⁰
1084 3535 1138 3599 die
1176 3535 1266 3611 Maii,

211 3666 300 3710 anno
324 3644 416 3730 regni
439 3641 569 3728 Angliae
592 3639 873 3727 quinquagesimo,
896 3639 989 3725 regni
1017 3658 1095 3701 vero
1119 3636 1267 3702 Franciae

213 3747 378 3812 tricesimo
401 3746 549 3830 septimo.

701 4043 773 4112 947.

256 4383 496 4401 ......
543 4329 795 4395 Furthermore:
818 4326 966 4392 whereas
998 4345 1058 4389 our
1090 4322 1176 4387 Lord
1204 4320 1263 4385 the

213 4438 305 4524 King
319 4438 380 4502 has
395 4435 527 4500 learned
554 4433 599 4518 by
614 4431 673 4497 the
699 4430 878 4514 testimony
894 4428 933 4492 of
955 4427 1006 4490 lris
1031 4425 1166 4490 faithful
1188 4423 1266 4486 sub-

206 4540 293 4626 jects
318 4537 437 4604 nithe
464 4536 543 4601 land
569 4533 607 4598 of
631 4531 772 4606 Ireland,
788 4529 846 4594 the
873 4528 1025 4614 prelates,
1050 4525 1171 4596 nobles.
1198 4523 1265 4587 and

211 4639 444 4724 comrnonalty,
460 4637 535 4702 that
560 4635 617 4700 the
643 4633 714 4698 said
740 4631 817 4696 land
836 4631 897 4695 has
917 4631 1010 4702 been,
1026 4628 1094 4692 and
1110 4625 1147 4700 ie,
1164 4625 1262 4688 much

665 4835 672 4866 ¹
692 4833 755 4894 alib,
767 4832 825 4883 MS.
