3350 5800
606 851 897 907 cauwsalnusm
1214 851 1279 916 135

219 1035 400 1102 statuimus
432 1043 468 1104 et
499 1038 699 1118 ordinamus,
722 1041 811 1128 quod
845 1041 985 1128 singulis
1018 1043 1115 1108 annis
1145 1043 1276 1121 futuris,

220 1136 359 1204 cuilibet
391 1138 502 1219 fratri,
538 1141 691 1207 habitum
725 1147 765 1207 ut
798 1143 990 1229 praedicitur
1026 1146 1164 1231 gerenti,
1202 1168 1277 1212 nec·

220 1260 291 1304 non
325 1239 468 1328 singulis
505 1243 672 1308 sororibus
705 1243 787 1310 dicti
819 1244 1004 1331 hospitalis,
1038 1247 1128 1313 ultra
1165 1248 1277 1315 decem

221 1342 342 1408 solidos
380 1343 564 1429 praedictos,
596 1344 634 1408 in
664 1345 751 1410 festo
791 1344 952 1412 Omnium
988 1347 1188 1415 Sanctorum
1212 1350 1275 1415 sol-

222 1449 347 1510 vantur
387 1449 454 1511 tres
488 1445 586 1512 solidi
624 1451 658 1512 et
696 1451 840 1532 quatuor
869 1449 998 1515 denarii
1032 1455 1175 1516 monetae
1206 1451 1276 1516 An-

221 1545 370 1634 glicanae,
409 1547 450 1614 dc
487 1548 582 1614 bonis
620 1550 849 1615 communibus
882 1550 1057 1638 hospitalis
1092 1554 1275 1634 memorati,

222 1647 260 1713 in
298 1649 461 1716 dictorum
506 1649 648 1716 fratrum
688 1657 722 1716 et
767 1673 916 1719 sororum
947 1654 1096 1740 penuriae
1134 1654 1276 1721 subduc·

222 1749 360 1828 tionem,
375 1773 414 1818 ac
429 1753 537 1820 victus
552 1755 877 1840 augmentationem:
900 1777 976 1823 cum
991 1757 1140 1842 ipsorum
1154 1756 1275 1836 nullus,

225 1875 284 1940 pro
299 1855 452 1920 omnibus
465 1855 580 1922 diebus
592 1856 770 1942 cujuslibet
778 1858 861 1924 anni
877 1857 1050 1943 inquibus
1066 1858 1154 1944 ipsos
1170 1861 1275 1926 carni-

223 1955 285 2020 bus
307 1963 369 2022 aut
390 1957 536 2044 piscibus
551 1957 640 2024 vesci
664 1958 780 2024 deceat
801 1957 857 2024 vel
880 1963 1042 2044 oporteat,
1058 1959 1148 2024 ultra
1169 1981 1275 2025 unum

220 2078 356 2143 porcum
378 2061 521 2146 recipere
552 2065 791 2127 consueverant
824 2061 926 2126 semel
968 2060 1005 2124 in
1027 2081 1124 2127 anno.
1169 2060 1277 2128 Item:

221 2161 311 2246 quod
333 2161 433 2228 sacris
465 2163 580 2228 obviat
603 2163 770 2228 institutis
802 2162 965 2239 mulieres,
988 2163 1091 2228 etiam
1122 2169 1274 2242 sacratas,

221 2284 302 2328 vasa
339 2285 431 2331 sacra
465 2265 668 2352 contingere,
700 2269 760 2331 aut
792 2265 879 2331 circa
909 2263 1053 2330 altaria¹
1077 2263 1274 2345 ministrare,

221 2365 421 2444 ordinamus,
446 2368 536 2455 quod
572 2368 666 2434 uuila
698 2388 789 2433 soror
812 2367 895 2435 dicti
917 2366 1103 2453 hospitalis,
1126 2372 1187 2433 aut
1208 2368 1275 2436 alia

220 2469 349 2554 quaevis
371 2465 499 2548 mulier,
521 2469 602 2534 dum
633 2469 749 2535 divina
770 2468 807 2534 in
830 2469 911 2536 dicti
934 2468 1108 2555 hospitalis
1130 2471 1275 2536 oratorio

221 2570 443 2649 celebrantur,
472 2571 689 2658 quovismodo
729 2571 814 2636 inibi
839 2572 926 2638 circa
959 2577 995 2636 et
1025 2593 1128 2658 prope
1155 2573 1275 2638 altaria

221 2677 309 2739 stare
332 2673 385 2738 vel
411 2674 533 2752 sedere,
549 2679 608 2740 aut
622 2672 813 2759 presbiteris
834 2674 951 2740 divina
965 2673 1208 2740 celebrantibus
1219 2675 1275 2740 vel

220 2775 318 2842 horas
341 2777 514 2843 canonicas
536 2775 723 2842 dicentibus
748 2775 938 2841 ministrare
964 2780 1144 2862 praesumat
1156 2799 1166 2854 ;
1188 2797 1273 2853 cum,

220 2880 400 2946 secundum
447 2878 529 2946 dicti
574 2876 748 2965 hospitalis
793 2876 987 2963 primariam
1032 2875 1274 2958 fundationem,

224 2982 372 3068 ejusdem
389 2980 563 3067 Capeliani
581 2980 653 3047 sive
668 2980 862 3048 Sacerdotes
874 2978 995 3045 habere
1011 2978 1155 3045 debeant
1170 3000 1273 3045 unum

221 3082 388 3164 clericum,
422 3083 480 3171 qui
511 3084 634 3149 eisdem
666 3083 785 3148 debeat
822 3084 859 3147 in
892 3081 1071 3167 praemissis
1109 3080 1273 3165 officiare;

220 3187 275 3255 cui
297 3188 451 3253 volumus
483 3187 524 3252 dc
559 3186 653 3252 bonis
676 3185 905 3251 communibus
927 3183 1008 3249 dicti
1037 3183 1212 3271 hospitalis
1234 3189 1273 3251 ut

221 3291 378 3357 convenit
410 3290 603 3366 ministrari,
636 3292 736 3373 atque
774 3287 815 3351 de
849 3286 1088 3373 superpellicio,
1125 3286 1272 3373 ejusdem

221 3392 394 3478 hospitalis
439 3391 635 3478 sumptibus,
670 3389 749 3453 dum
787 3387 851 3453 sibi
896 3388 1105 3453 commissum
1142 3389 1273 3475 peragit

221 3494 365 3563 officium
411 3493 585 3580 provideri.
648 3491 850 3558 Ordinamus
894 3489 996 3555 etiam
1040 3492 1201 3574 praeterea
1238 3495 1273 3555 et

222 3598 410 3675 statuimus,
433 3595 524 3683 quod
546 3593 844 3682 quotienscumque
873 3590 935 3656 fiat
956 3590 993 3654 in
1015 3589 1271 3655 communius-

221 3701 362 3767 tributio
393 3700 488 3787 panis
520 3704 556 3765 et
592 3697 768 3773 cerevisiae,
798 3715 858 3780 pro
891 3693 1036 3758 fratrum
1067 3696 1102 3757 et
1124 3712 1272 3759 sororum

224 3803 306 3869 dicti
328 3800 501 3887 hospitalis
524 3798 777 3874 sustentecionc,
793 3796 892 3882 quod,
907 3792 1077 3859 Priorissae
1092 3798 1127 3858 et
1142 3792 1271 3861 Oelera·

223 3905 315 3971 rissae
347 3903 494 3990 ejusdem
526 3900 713 3987 hospitalis,
744 3897 857 3985 aliqua
889 3918 932 3962 ex
963 3894 1129 3961 sororibus
1166 3896 1271 3983 ipsius

221 4007 395 4094 hospitalis
417 4028 476 4092 per
497 4004 625 4081 fratres,
648 4001 735 4088 siqui
758 4000 894 4077 fuerint,
910 4004 945 4063 at
966 4018 1093 4064 sorores
1115 3998 1273 4085 ejusdem,

221 4110 276 4175 vel
296 4109 455 4195 majorem
477 4110 607 4194 partem
622 4102 810 4179 eonmdcm,
826 4100 1030 4167 nominanda
1051 4104 1086 4165 et
1110 4100 1272 4189 eligenda,

221 4234 296 4301 quae
330 4233 406 4279 eum
443 4207 612 4298 praedictis
650 4206 705 4273 vel
742 4224 857 4270 eorum
890 4203 1002 4279 altera,
1025 4202 1069 4268 ad
1090 4203 1273 4271 tollendam

223 4334 353 4380 omnem
375 4312 594 4398 suspicionem
616 4305 792 4393 inaequalis
823 4303 1069 4369 distributionis
1102 4305 1200 4391 panis
1237 4311 1273 4372 et

224 4414 389 4483 cerevisiae
413 4417 475 4479 aut
500 4409 702 4488 aliom1m‚si
729 4427 803 4493 quae
829 4405 964 4481 fuerint,
987 4404 1075 4469 inter
1097 4404 1216 4471 fratres
1237 4411 1273 4472 et

223 4538 348 4584 sorores
362 4514 535 4601 hospitalis
551 4510 712 4578 antedicti
727 4507 993 4584 dividendorum,
1008 4511 1156 4572 cessante
1170 4507 1272 4573 collu-

620 4764 628 4796 ¹
641 4762 749 4824 alterae,
759 4760 817 4812 MS.
