3350 5800
410 881 475 942 las
871 887 1007 936 mm

408 1077 523 1144 Sancti
560 1077 698 1142 Ricardi
736 1077 874 1141 alterius
905 1077 1040 1163 patroni
1075 1078 1204 1156 nostri;
1225 1077 1371 1142 scientes
1404 1099 1473 1154 me,

408 1201 468 1266 pro
490 1180 551 1244 tali
584 1181 672 1244 dono
705 1201 749 1244 ex
770 1180 883 1266 gratia
915 1185 1030 1244 vestra
1050 1179 1322 1257 transmittendo,
1343 1182 1473 1246 offerre

407 1289 517 1348 meet
540 1303 614 1348 mea
634 1282 678 1347 ad
702 1284 805 1347 vestri
830 1304 941 1369 genua
961 1282 1158 1363 famulatus,
1179 1288 1215 1349 et
1236 1283 1326 1368 quod
1358 1283 1469 1347 michi

406 1383 562 1469 possibile
585 1391 638 1449 est
659 1384 767 1450 facere
788 1385 833 1448 ad
855 1383 1104 1450 benevolentias
1126 1390 1263 1449 vestras
1307 1384 1470 1450 Vestram

406 1485 664 1550 dominationem
696 1490 732 1550 et
768 1485 1007 1571 paternitatem
1040 1484 1275 1562 bonoranm
1310 1507 1469 1550 reveren·

407 1589 535 1674 tiaeque
569 1593 604 1652 et
641 1587 935 1654 confraternitates
966 1591 1094 1653 vestras
1130 1593 1303 1654 conservet
1332 1589 1369 1652 in
1400 1587 1470 1654 hac

406 1690 487 1768 vita,
510 1695 545 1756 et
566 1691 720 1776 praemiet
742 1689 779 1753 in
801 1689 894 1756 coelis
916 1688 1070 1756 Christus
1092 1689 1256 1756 Dominus
1277 1695 1398 1756 noster.

266 1987 371 2048 (Μ)
410 1996 705 2064 maa-Lmen
745 2009 976 2062 nrsronsams
1013 2011 1168 2060 mussan
1206 1994 1344 2061 Dounu
1382 1996 1466 2062 Em·

236 2109 366 2161 raarsa
585 2115 684 2164 soom
725 2097 973 2165 crcasrassss
1011 2113 1078 2163 rso
1116 2113 1294 2174 nmrouus
1332 2095 1468 2164 Senem

587 2201 772 2266 Wrnrnmr.

234 2374 385 2439 mecam
452 2365 669 2430 Reverentias
707 2363 912 2430 humillimas
950 2369 1048 2429 tauto
1085 2364 1176 2450 patri
1213 2364 1341 2430 debitas
1383 2387 1464 2430 cum

233 2440 321 2556 iffi
409 2469 539 2534 bonore.
584 2468 671 2534 Oum
704 2475 859 2533 sanctum
892 2473 928 2532 et
961 2467 1121 2532 devotum
1152 2467 1199 2532 sit
1232 2468 1320 2553 quod
1350 2473 1465 2535 vestra

235 2572 339 2624 charon
406 2570 594 2636 reverentia
627 2568 810 2656 paternalis
840 2569 1076 2634 discretissime
1105 2569 1247 2654 rogavit,
1270 2591 1309 2633 eo
1339 2569 1463 2635 affectu

234 2647 341 2688 consent
353 2645 381 2690 to
633 2673 640 2686 .
807 2669 814 2684 .
843 2671 851 2685 .

234 2705 386 2770 31,er
405 2694 508 2760 eaque
530 2674 707 2738 devotione
729 2692 936 2757 ermerprmus,
959 2690 1027 2754 qua
1049 2691 1071 2734 a
1092 2675 1207 2736 sancto
1229 2671 1326 2736 corde
1347 2677 1462 2736 vestro

235 2771 375 2848 thhopot
404 2775 440 2839 id
478 2775 568 2861 quod
606 2773 748 2860 optastis
792 2771 957 2837 medimna
987 2792 1163 2837 emanasse.
1225 2771 1462 2837 Gloriosissimi

234 2837 392 2955 ffiffi
404 2879 508 2965 igitur
523 2876 724 2945 Oonseseoris
747 2879 782 2941 et
804 2875 937 2961 patroni
959 2875 1065 2940 nostri
1087 2879 1188 2960 atque
1209 2875 1320 2952 vestri,
1344 2874 1462 2942 Sancti

235 2984 292 3048 12²³
304 2971 357 3021 ⁰f⁸
404 2982 561 3047 videlieet
584 2980 743 3057 wilfridi,
765 2978 880 3043 laudes
912 2983 947 3043 et
979 2978 1099 3042 merita
1128 2977 1247 3042 extolli
1276 2978 1460 3063 cupientes,

234 3036 382 3164 inim&
403 3087 439 3147 et
470 3082 636 3169 praeoipue
670 3081 717 3145 eis
749 3080 785 3143 in
819 3079 973 3166 partibus
1006 3078 1128 3163 quibus
1162 3078 1257 3163 quasi
1279 3079 1461 3164 Apostolus

234 3171 375 3287 ⁸¹²th
403 3183 475 3249 vita
498 3190 532 3248 et
555 3181 721 3247 miraculis
744 3180 872 3258 claruit,
888 3185 922 3245 et
944 3179 1044 3243 fidem
1066 3179 1275 3266 praedicando
1297 3180 1460 3265 populum

231 3252 353 3353 idemne·-
403 3288 439 3351 in
472 3285 598 3353 Christi
632 3284 833 3350 confessione
867 3283 1025 3360 firmavit,
1057 3285 1176 3349 vestris
1211 3283 1340 3349 devotis
1371 3286 1460 3369 peti·

232 3376 392 3486 {gageriam
404 3388 552 3453 tionibus
584 3384 745 3462 inclinati,
779 3384 964 3449 membrum
1000 3384 1053 3450 vel
1087 3390 1215 3470 partem
1246 3384 1385 3449 membri
1416 3384 1460 3450 de

233 3451 369 3577 ιὴζῖξῖίὲο
404 3489 462 3556 illo
496 3488 641 3575 Spiritus
665 3485 780 3553 Sancti
813 3506 946 3572 organo,
968 3484 1014 3551 ad
1048 3486 1259 3552 excitandam
1291 3487 1327 3549 in
1349 3486 1458 3551 eordi-

231 3584 292 3683 ffli
303 3569 335 3618 δῦ
348 3584 375 3617 ¹¹¹
405 3592 467 3657 bus
499 3591 647 3657 fidelium
682 3594 717 3653 et
753 3588 1039 3673 augmentandam
1077 3587 1287 3653 devotionem
1324 3588 1458 3653 ordina-

229 3652 326 3755 nrdirs.
406 3694 514 3759 bimus
526 3715 534 3773 3
568 3695 720 3758 sanctum
753 3689 953 3755 desiderium
975 3694 1121 3755 vestrum
1144 3690 1189 3755 ad
1210 3695 1342 3775 tempus
1364 3689 1458 3755 deie-

404 3802 521 3874 rantes,
545 3799 585 3860 ut
618 3814 657 3859 ea
680 3791 849 3859 occasione
881 3796 1005 3857 sanotae
1027 3790 1093 3857 illae
1119 3791 1276 3877 reliquiae,
1299 3814 1373 3877 qnae
1395 3812 1457 3877 per

401 3905 551 3985 tempora
585 3896 734 3982 longiora
766 3895 802 3959 in
834 3892 957 3959 feretro
988 3894 1165 3961 reconditae
1187 3900 1276 3973 sunt
1300 3896 1456 3961 humanis

399 3998 586 4086 aspectibus
625 3996 778 4062 devotius
814 3999 1068 4080 praesententur.
1130 3996 1210 4061 Non
1246 3996 1335 4062 euim
1373 4003 1454 4063 ante

397 4102 470 4168 haec
500 4105 649 4185 tempora
671 4102 816 4163 vestram
850 4096 1052 4161 laudabilem
1076 4098 1287 4164 devotionem
1316 4100 1452 4186 cupian-

398 4210 465 4270 tem
488 4202 592 4289 ipsius
615 4200 723 4265 sancti
747 4198 867 4263 merita
884 4199 1001 4263 extolli
1025 4200 1247 4285 cognovimus,
1263 4202 1329 4266 nisi
1343 4200 1453 4267 solum

400 4328 458 4394 per
502 4302 769 4370 informationem
808 4303 955 4365 vestram
993 4301 1141 4367 vocalem
1185 4302 1282 4367 nobis
1325 4302 1451 4369 factam

397 4408 487 4494 apud
521 4404 636 4479 seben,
669 4424 730 4467 nec
761 4402 891 4487 aliquas
922 4402 1052 4467 litteras
1083 4408 1211 4469 vestras
1245 4405 1378 4491 priores,
1408 4406 1451 4471 de

397 4508 521 4596 optatis
553 4502 703 4589 reliquiis
735 4502 839 4588 ipsius
862 4502 927 4565 viri
950 4502 1150 4568 venerabilis
1181 4509 1216 4568 et
1238 4506 1354 4584 sancti,
1376 4528 1448 4571 sus·

397 4610 551 4697 cepimus.
597 4606 656 4672 Set
689 4604 750 4669 has
784 4604 906 4690 primas
938 4604 1069 4670 litteras
1091 4611 1219 4671 vestras
1250 4628 1326 4673 oum
1348 4608 1449 4675 devo·

396 4715 488 4779 tione
520 4715 554 4775 et
585 4706 771 4773 reverentia
808 4710 1026 4792 acceptantes,
1058 4712 1172 4773 nostra
1209 4714 1289 4774 vota
1326 4716 1448 4778 vestrae

397 4810 576 4887 devotioni,
613 4812 744 4872 matura
781 4826 857 4873 cum
894 4806 1073 4887 celeritate,
1101 4808 1287 4894 jungemus,
1318 4810 1447 4897 aliquas
