3350 5800
490 874 553 939 292
933 891 1067 941 urrann

488 1074 651 1139 desiderio
681 1073 957 1161 impegerimus3l
988 1075 1064 1139 ideo
1095 1076 1316 1161 potissimum,
1333 1078 1425 1163 quod
1440 1076 1539 1143 miehi

487 1182 568 1247 tunc
598 1177 739 1243 materia
777 1176 922 1243 dabatur
959 1178 1134 1256 scribendi,
1173 1201 1241 1243 non
1271 1180 1350 1245 ficta
1380 1186 1445 1245 aut
1474 1179 1539 1245 sola

487 1300 529 1343 ex
553 1278 753 1365 cogitatione
778 1286 910 1365 reperta
933 1280 990 1344 sed
1013 1285 1094 1366 apta
1123 1281 1217 1358 satis,
1238 1303 1305 1367 qua
1335 1303 1371 1345 re
1395 1280 1539 1367 singula·

485 1380 650 1448 rissimum
682 1378 783 1445 miehi
815 1387 953 1465 patrem,
987 1382 1042 1447 oui
1080 1382 1170 1445 inter
1206 1381 1364 1447 mortales
1395 1382 1538 1447 marium

483 1482 657 1550 devinctus
680 1503 763 1560 sum,
786 1483 868 1549 meis
891 1483 1021 1563 litteris,
1036 1488 1070 1547 et
1092 1483 1121 1547 si
1144 1483 1279 1549 incultis
1301 1506 1323 1549 a
1337 1489 1412 1549 toto
1427 1488 1537 1549 tamen

483 1584 578 1651 eorde
620 1604 814 1669 summaque
854 1585 890 1649 in
921 1590 955 1649 te
997 1585 1123 1670 pietate
1167 1584 1318 1671 profusis,
1349 1584 1535 1649 salutarem.

484 1686 650 1755 Trsdebet
665 1686 766 1755 miehi
781 1685 880 1753 modo
902 1688 973 1771 ipse
989 1687 1190 1764 Gardianus,
1204 1686 1328 1773 partim
1349 1707 1412 1772 pro
1435 1686 1537 1771 ipsius

483 1788 533 1853 tui
557 1787 690 1853 scolaris
713 1788 891 1855 transactis
922 1789 1087 1875 expensis,
1111 1788 1298 1876 partimque
1321 1810 1383 1875 pro
1412 1787 1536 1853 futuris

481 1910 536 1955 xic
561 1888 690 1955 solidos.
737 1888 847 1955 Tanto
870 1912 1015 1976 namque
1037 1890 1149 1975 plures
1172 1890 1269 1956 modo
1291 1891 1398 1957 abeo
1420 1892 1536 1976 recepi,

482 1996 607 2076 quanto
642 1992 678 2055 in
711 1992 889 2057 transactis
922 1993 1077 2079 expensis
1111 1992 1208 2079 longe
1231 1992 1409 2078 ampliores
1436 2014 1533 2078 quam

482 2093 649 2179 hucusque
673 2094 852 2159 solutiones
875 2116 1070 2181 receperam,
1094 2096 1241 2180 exposui.
1287 2094 1432 2180 Scripsit
1447 2097 1533 2160 enim

481 2194 522 2261 od
546 2216 597 2261 me
621 2196 674 2259 vir
696 2195 797 2261 michi
819 2194 1117 2279 conjunctissimus,
1140 2196 1344 2281 Reginaldus
1361 2196 1534 2274 Goldatou,

480 2305 572 2361 tuum
605 2297 822 2375 voluntatem,
854 2303 950 2383 pater
990 2299 1121 2376 eximie,
1152 2320 1219 2382 qua
1248 2321 1301 2364 me
1330 2299 1467 2364 volebas
1496 2306 1535 2363 ut

480 2404 538 2464 tuo
569 2399 738 2463 antedicto
769 2398 885 2463 scolari
918 2410 952 2465 et
973 2421 1093 2468 novam
1125 2405 1239 2485 togam
1270 2422 1458 2486 novamque
1482 2407 1536 2469 tu·

479 2500 585 2565 nicam
618 2521 758 2565 emerem
789 2506 890 2585 atque
923 2503 1030 2585 parari
1054 2501 1202 2579 facerem,
1226 2502 1315 2587 quod
1345 2524 1411 2570 non
1437 2504 1535 2569 modo

478 2604 532 2681 (ut
555 2622 682 2665 sumere
706 2601 823 2683 debeo)
847 2601 983 2668 minime
1004 2605 1229 2687 praetermitti,
1243 2603 1301 2669 sed
1323 2625 1387 2669 nec
1408 2603 1533 2669 differri

477 2703 634 2769 sinebam.
682 2703 792 2771 Tanto
815 2704 921 2789 igitur
944 2705 1056 2789 plures
1079 2726 1169 2771 nunc
1192 2704 1293 2774 michi
1317 2706 1413 2772 reddi
1436 2729 1534 2792 pecu-

477 2807 548 2872 nias
573 2806 741 2893 petieram,
758 2812 884 2891 quanto
907 2807 944 2871 iu
967 2806 1116 2891 prefatis
1139 2806 1204 2871 hiis
1226 2808 1333 2885 rebus,
1348 2809 1533 2895 ceterisque

476 2909 539 2974 sibi
579 2911 779 2988 necessariis,
809 2931 878 2975 nou
921 2910 1081 2979 modicam
1115 2910 1328 2996 pecuniarum
1368 2933 1533 2981 summam

475 3032 698 3096 exposueram.
768 3011 873 3078 Istius
910 3033 989 3078 vem
1027 3033 1127 3098 quam
1173 3012 1271 3078 modo
1314 3013 1532 3099 pecuniarum

474 3135 638 3182 summam
662 3115 770 3200 recepi
793 3115 869 3201 plus
892 3135 993 3200 quam
1015 3119 1084 3180 tres
1108 3121 1220 3200 partes
1241 3121 1321 3186 aute
1344 3115 1407 3185 hae
1431 3138 1533 3205 expo·

473 3237 611 3284 sueram.
659 3215 804 3282 letarum
836 3215 980 3300 denique
1010 3237 1240 3302 expensarum,
1270 3237 1347 3284 oum
1377 3217 1533 3303 proximo

472 3317 515 3382 ad
553 3323 647 3384 tuam
685 3317 923 3402 paternitatem
968 3317 1153 3402 profectum
1192 3317 1234 3382 iri
1272 3317 1335 3382 tibi
1381 3318 1533 3400 libuerit,

472 3418 643 3484 clariorem
667 3425 854 3505 compotum
880 3417 1007 3486 efficere
1021 3418 1152 3488 curabo.
1204 3419 1320 3486 Valeat
1341 3419 1378 3484 iu
1394 3420 1531 3489 Christo

474 3525 535 3584 tua
568 3521 752 3606 paternitas
785 3541 913 3606 semper
945 3520 1092 3586 feliciter.
1153 3519 1206 3584 Ex
1237 3527 1350 3586 vestro
1382 3524 1532 3589 manerio

478 3622 519 3686 de
551 3623 754 3708 Newynton,
778 3621 943 3702 velociter,
967 3623 1002 3688 in
1033 3623 1121 3688 festo
1150 3621 1350 3689 Sanctorum
1383 3624 1532 3715 Crispini

392 3747 395 3753 ·
472 3729 507 3788 et
530 3723 739 3810 Crispiniani.

711 3827 802 3892 Tuus
825 3825 1015 3891 cotidianus
1037 3827 1127 3912 apud
1149 3826 1258 3893 Deum
1281 3833 1395 3893 orator

902 3967 908 3981 .
995 3927 1085 3992 Dou
1110 3926 1257 3992 Tnouns
1280 3927 1481 3995 Gonosron.

325 4213 356 4257 es
369 4209 431 4260 nee.
473 4191 671 4258 loen—Dr
716 4208 965 4258 annovarrora
1010 4207 1224 4256 oouarrorus
1262 4192 1348 4257 Vnu
1395 4193 1528 4260 Sason

302 4364 327 4415 S.
341 4279 416 4415 3312·
643 4293 781 4358 unone
806 4311 871 4359 ras
893 4293 1019 4358 Rscuu
1044 4293 1212 4361 Fnsums
1236 4309 1353 4362 naurs.
1382 4365 1393 4378 ,

416 4401 423 4418 ’
514 4430 764 4498 Memorandum
796 4432 885 4517 quod
919 4453 1009 4498 anno
1034 4431 1171 4497 Domini
1194 4431 1371 4499 Millesimo
1402 4451 1532 4502 cotio&

297 4502 443 4618 ssvffllfie
467 4535 710 4621 septuagesimo
743 4535 893 4620 septimo,
916 4535 952 4600 in
982 4534 1037 4598 dic
1061 4533 1227 4602 Passionis
1250 4534 1367 4602 Sancti
1391 4537 1531 4606 Thomas
1647 4564 1648 4621 l

296 4637 437 4751 {ffiffl'
469 4637 637 4723 Martyris,
661 4637 867 4724 Lodowyeus
897 4637 1037 4704 illustris
1060 4637 1261 4704 Francorum
1284 4638 1366 4717 Rex,
1397 4641 1443 4707 ob
1474 4642 1530 4709 de·
1647 4700 1648 4741 p

295 4767 355 4818 with
367 4766 410 4818 the

1089 4764 1521 4784 -.-...-.-.-—..—-

932 4809 988 4863 lsic
1002 4813 1057 4862 MS.
