3350 5800
352 850 395 915 86
793 858 928 909 nomn

353 1048 395 1111 ils
426 1045 578 1123 diooient,
602 1046 836 1111 amountercnt
866 1045 987 1107 entour
1022 1041 1059 1106 lo
1092 1061 1216 1107 somme
1249 1034 1412 1105 dccccxl.

353 1146 460 1213 livres.
507 1146 560 1210 En
574 1144 842 1230 tesmoignounce
854 1143 896 1209 de
913 1143 1008 1228 quele
1030 1142 1127 1209 chose
1141 1165 1163 1207 n
1177 1143 1282 1209 'costes
1295 1139 1411 1205 lettres

349 1249 405 1334 jeo
427 1271 472 1335 oy
494 1269 569 1333 mys
602 1268 681 1312 mon
712 1246 780 1313 seul
815 1245 929 1312 doffico
963 1247 1006 1312 de
1029 1244 1196 1312 Meroltee.
1243 1244 1358 1309 Donez
1389 1263 1410 1307 a

353 1352 386 1416 la
409 1350 497 1417 Villo
529 1350 569 1413 de
593 1348 685 1414 Noef
704 1348 854 1417 Ohmtell
885 1370 942 1414 eur
973 1348 1078 1437 Tyne,
1099 1371 1142 1414 en
1172 1349 1207 1414 le.
1238 1348 1337 1412 Festo
1368 1344 1410 1409 de

354 1454 449 1521 Seint
472 1453 615 1519 Thomas
638 1453 669 1519 le
684 1452 804 1518 Murtir
826 1474 869 1517 en
891 1452 924 1517 la
945 1454 1112 1539 eemoigne
1134 1452 1175 1518 de
1191 1450 1331 1527 Nowell,
1354 1448 1411 1513 lan

354 1557 399 1621 du
422 1577 523 1643 regno
555 1559 667 1621 nostre
700 1554 843 1641 Seignur
877 1554 908 1619 le
932 1553 1007 1639 Rcy
1030 1554 1137 1620 Henri
1159 1558 1259 1639 qunrt
1282 1550 1357 1639 puis
1379 1550 1412 1613 le

355 1656 525 1743 Conquest
553 1656 768 1743 Dengleterre
799 1656 906 1723 nieme.
952 1656 1095 1743 Oportet
1132 1655 1222 1741 quod
1259 1655 1410 1740 signetur

356 1758 465 1847 sigillo
488 1758 662 1825 communi

217 2257 320 2322 (1⁴⁰⁵·)
359 2248 537 2317 otu-An
560 2264 753 2315 nunccios
775 2263 887 2313 omos
907 2248 1240 2315 Anmmsmromrus
1262 2248 1410 2313 Auomn

189 2382 260 2433 cm,
272 2382 333 2431 ,m
514 2368 581 2415 roo
605 2366 715 2415 mem
738 2350 1128 2417 Smmnsouuorusmu
1150 2366 1246 2417 Aron
1277 2350 1411 2415 annr

187 2448 225 2498 M·
237 2452 284 2499 ³⁰1
299 2463 321 2498 ⁶·
515 2469 554 2517 nc
578 2452 801 2521 Homerum.

188 2626 312 2677 Amen
404 2618 446 2683 In
468 2617 593 2703 primic
638 2618 692 2683 Ad
715 2618 862 2703 primum
885 2618 1063 2683 articulum
1094 2619 1296 2706 respondent
1329 2618 1412 2685 dicti

187 2694 629 2825 ffiffgffinmbueciotcree,
660 2726 720 2787 etc.
753 2721 843 2805 quod
880 2721 966 2797 licet,
1000 2721 1092 2807 regia
1128 2722 1337 2799 auctoritate,
1369 2722 1414 2787 ud

190 2827 305 2879 Ammo
359 2820 549 2889 habendum
583 2820 742 2887 noticiam
774 2821 948 2887 nominum
971 2826 1006 2886 et
1034 2823 1268 2908 cognominum
1290 2822 1413 2911 Angli-

191 2894 347 3010 issffiffi„
359 2947 480 3002 corum,
503 2924 545 2990 de
567 2923 690 3010 quibus
712 2924 750 2989 in
773 2924 917 2990 articulo
939 2924 1162 3010 conqueritur,
1184 2925 1274 2990 foeta
1296 2924 1414 2990 fuisset

191 3026 220 3076 of
231 3042 300 3106 9⁰³¹·
360 3029 501 3116 diligens
539 3031 574 3094 et
612 3027 775 3112 requisito
805 3026 991 3112 inquisicio,
1026 3027 1175 3112 deipsis
1206 3032 1269 3094 out
1300 3047 1415 3092 eorum

190 3093 320 3223 ffitsst
360 3130 551 3196 nominibus
565 3129 619 3194 vel
631 3127 895 3216 cognominibus,
906 3149 985 3194 vere
996 3128 1052 3193 vel
1062 3129 1309 3215 praeeumptive,
1320 3130 1414 3194 nullo

189 3225 326 3342 ffifggl·
360 3233 458 3299 modo
490 3236 624 3319 poterat
657 3235 821 3308 constare,
852 3229 929 3295 ideo
963 3234 1097 3315 oportet
1128 3231 1219 3316 quod
1251 3231 1415 3298 articulus

299 3327 306 3342 ⁸
360 3336 555 3412 declaretur,
584 3333 721 3400 nomina
757 3331 812 3398 vel
850 3332 1046 3419 cognomina
1082 3333 1323 3418 specificand03
1360 3335 1414 3399 vel

361 3436 450 3522 quod
472 3435 605 3522 plenius
627 3435 656 3500 si
679 3433 752 3500 fieri
775 3433 902 3522 poterit
924 3433 1124 3519 inquiratur.

406 3537 501 3602 Item.
549 3535 604 3601 Ad
638 3534 828 3614 secundum,
862 3534 1014 3613 tercium,
1047 3536 1212 3622 quintum,
1250 3541 1415 3615 octavum,

362 3639 603 3717 duodecimum,
641 3642 799 3723 quartum
838 3636 1014 3715 decimum,
1047 3639 1205 3724 quintum
1243 3639 1416 3718 decimum,

363 3747 497 3809 sextum
528 3740 702 3817 decimum,
737 3739 904 3806 decimum
936 3740 1126 3825 septimum,
1157 3741 1321 3808 decimum
1356 3763 1415 3808 no-

363 3867 456 3922 num,
488 3843 693 3920 vicesimum,
726 3846 762 3908 et
795 3842 992 3909 vicesimum
1024 3842 1180 3929 primum,
1213 3845 1418 3930 respondent

364 3947 447 4012 dicti
468 3945 733 4012 Amboneiotores
765 3944 853 4012 sicut
874 3965 976 4032 supro
997 3944 1041 4009 od
1063 3945 1242 4013 articulum
1268 3947 1414 4032 primum

364 4054 417 4118 ost
438 4069 641 4135 responsum.

410 4152 507 4218 Item.
553 4149 608 4215 Ad
631 4152 765 4216 sextum
788 4149 967 4215 articulum
981 4149 1108 4228 dicunt,
1122 4154 1183 4216 otc
1206 4152 1304 4236 quod,
1327 4174 1415 4220 unno

364 4253 504 4320 Domini
541 4263 888 4328 n0occm⁰nrxxxrm⁰,
935 4249 1153 4318 Proconsulee
1183 4257 1219 4317 et
1250 4252 1411 4321 Consules

365 4354 525 4422 Civitatis
549 4353 757 4420 Scundensis
780 4353 944 4420 nonnullo
959 4354 1048 4421 bono
1062 4353 1228 4421 Johannis
1250 4356 1417 4439 Brendon,

364 4457 554 4526 mereatoris
583 4458 625 4522 de
648 4456 764 4522 Lenno
786 4455 823 4522 in
845 4457 978 4544 Anglii»,
1001 4457 1047 4523 od
1068 4457 1216 4523 valorem
1239 4458 1315 4544 viij⁰
1329 4482 1418 4528 mer·

364 4582 478 4629 corum
500 4558 756 4636 Soundensium
777 4557 872 4624 nullo
894 4559 1001 4638 modo,
1022 4579 1084 4625 nee
1106 4580 1149 4624 ex
1170 4564 1343 4628 contractu
1363 4564 1418 4628 vel

365 4662 470 4750 quasi,
492 4683 554 4726 neo
577 4683 619 4727 ex
643 4661 765 4728 delicto
799 4661 853 4726 vel
888 4662 993 4747 quasi,
1017 4662 1115 4728 dictae
1149 4662 1297 4729 civitatis
1329 4686 1417 4732 com·

366 4764 535 4843 munitoti,
549 4764 755 4852 cingulorive
778 4785 927 4851 personae
950 4764 1107 4851 ejusdem,
1123 4766 1269 4845 obnoxii,
1283 4775 1421 4855 propter
