3350 5800
615 820 906 870 caurummrvsas.
1090 809 1094 815 '
1226 804 1287 864 111

233 999 292 1083 qui
313 1022 406 1068 nunc
427 1007 487 1082 est,
511 1003 566 1067 vel
597 1003 705 1089 ipsam
737 1002 907 1069 ecclesiam
937 1003 1019 1068 alias
1043 1000 1290 1089 quomodolibet

230 1102 434 1183 dimittente,
450 1105 548 1170 liceat
572 1105 679 1170 eidem
702 1105 839 1170 Thomas
862 1111 922 1171 aut
945 1106 1121 1172 successori
1144 1126 1213 1183 suo,
1230 1103 1289 1190 qui

231 1203 298 1270 erit
319 1228 380 1292 pro
413 1213 560 1293 tempore
581 1207 858 1295 Archiepiscopus
881 1207 1138 1285 Oantuariensis,
1161 1230 1219 1294 per
1254 1228 1288 1271 se

231 1307 288 1371 vel
310 1308 425 1383 alium,
448 1310 651 1397 corporalem
673 1310 912 1397 possessionem
927 1309 1124 1397 parochialis
1147 1308 1288 1373 ecclesiae

233 1409 443 1498 [praedicta]
462 1412 665 1498 juriumque,
697 1416 731 1475 et
767 1410 1009 1497 pertinentium
1047 1410 1288 1497 praedictorum,

232 1513 433 1579 auctoritate
467 1515 609 1601 propria,
643 1512 747 1578 libere
786 1514 1040 1600 apprehendere,
1066 1517 1100 1578 91
1138 1513 1174 1577 in
1208 1534 1288 1577 usus

232 1613 332 1679 dictae
368 1637 502 1694 mensae,
526 1616 589 1681 sub
620 1615 832 1703 infrascripta
863 1616 1116 1695 modificatione,
1150 1614 1289 1699 alicujus

232 1738 334 1803 super
356 1717 418 1785 hoc
441 1719 580 1785 licencia
601 1719 737 1783 minime
760 1718 929 1804 requisita,
952 1724 1113 1805 perpetuo
1135 1718 1286 1783 retinere.

230 1818 287 1884 Ita
308 1820 474 1900 videlicet,
498 1822 587 1907 quod
619 1822 659 1887 de
691 1822 861 1909 praedictis
893 1822 1067 1899 fructibus,
1090 1820 1287 1897 redditibus,

229 1924 266 1984 et
298 1922 515 2006 proventibus
547 1922 746 2008 parochialis
779 1922 924 1988 ecclesiae
957 1921 1113 2008 praefatae,
1143 1943 1287 2009 congrua

230 2022 343 2105 portio
364 2046 425 2110 pro
448 2029 609 2110 perpetuo
641 2023 766 2089 vicario
798 2023 835 2087 in
870 2045 910 2089 ea
943 2023 1151 2089 instituendo
1183 2044 1286 2089 reser-

230 2129 339 2203 vetur,
363 2126 403 2190 de
427 2148 495 2211 qua
521 2126 670 2192 Vicarius
692 2126 798 2212 possib
832 2147 977 2213 congrue
1000 2126 1189 2203 sustentari,
1207 2125 1287 2212 jura

230 2225 428 2311 episcopalia
450 2228 585 2305 solvere,
602 2232 638 2293 et
660 2227 727 2293 alia
749 2228 813 2292 sibi
836 2228 1064 2293 incumbentia
1086 2250 1186 2293 onera
1209 2250 1286 2315 sup-

229 2332 380 2412 portare3
412 2329 565 2415 quodque
604 2335 727 2396 extunc
749 2329 894 2396 Thomas
928 2336 962 2395 ot
994 2352 1190 2396 successores
1224 2332 1285 2408 sui,

231 2430 478 2519 Amhiepiscopi
509 2432 672 2520 praedicti,
695 2454 807 2497 omnes
839 2432 922 2499 alios
955 2438 1117 2499 restantes
1147 2432 1285 2512 fructus,

230 2531 391 2610 redditus,
415 2540 450 2599 91
471 2540 652 2621 proventus
686 2534 884 2620 parochialis
920 2534 1062 2600 ecclesiae
1087 2535 1283 2621 [praedictae]

229 2632 359 2721 integre
382 2635 545 2723 colligere,
568 2642 604 2701 91
624 2636 813 2702 recollectos
835 2637 873 2701 in
904 2636 1093 2722 hujusmodi
1120 2642 1285 2703 sustenta·

230 2736 354 2801 tionem
388 2739 559 2804 decentem
592 2739 741 2824 ipsorum
778 2739 1058 2824 presbyterorum,
1091 2741 1148 2824 qui
1186 2746 1285 2805 erunt

229 2857 289 2922 pro
311 2843 469 2928 tempore,
493 2845 684 2906 convertere
708 2839 869 2919 debeant3
894 2846 928 2906 et
951 2840 1128 2919 residuum,
1144 2840 1172 2904 si
1196 2840 1284 2925 quod

229 2939 333 3007 fuerit
354 2965 397 3008 ex
420 2944 544 3008 eisdem
578 2943 741 3030 proficuis,
766 2965 880 3009 eorum
903 2947 938 3008 et
972 2964 1093 3008 mensae
1117 2941 1284 3028 praedictae

230 3042 343 3109 usibus
374 3045 548 3132 applicare.
605 3045 742 3108 Proviso
781 3045 870 3130 quod
905 3045 1022 3111 solitus
1060 3044 1284 3110 ministrorum

229 3166 385 3212 numerus
407 3149 442 3211 in
475 3149 549 3234 ipsa
581 3145 763 3233 parochiali
795 3147 933 3212 ecclesia
966 3145 1157 3212 nullatenus
1187 3147 1286 3211 omit·

230 3251 340 3327 tatur3
379 3250 533 3334 quodque
570 3249 756 3312 animarum
795 3270 875 3313 cura
913 3247 1107 3313 dilectorum
1140 3247 1284 3314 filiorum

231 3351 500 3433 parochianorum
531 3350 679 3436 ejusdem
713 3350 910 3436 parochialis
942 3347 1086 3414 ecclesiae
1109 3350 1286 3437 diligenter

232 3459 438 3533 exerceatur,
461 3459 496 3518 et
518 3453 725 3518 deserviatur
739 3451 777 3516 in
798 3452 847 3517 ibi
863 3449 1076 3516 laudabiliter
1090 3451 1127 3514 in
1142 3452 1285 3534 divinis;

232 3575 297 3618 non
331 3554 543 3620 obstantibus
575 3552 873 3618 constitutionibus
912 3551 1100 3638 apostolicis
1139 3558 1173 3617 91
1210 3554 1285 3620 aliis

231 3657 403 3721 contrariis
425 3656 697 3741 quibuscumque,
712 3676 770 3719 seu
793 3655 823 3718 si
846 3653 951 3739 aliqui
974 3674 1072 3739 super
1087 3655 1285 3740 provisioni-

231 3756 292 3822 bus
314 3759 379 3824 sibi
400 3760 560 3826 faciendis
584 3759 626 3823 de
657 3756 847 3842 hujusmodi
873 3755 1117 3842 parochialibus
1141 3757 1284 3824 ecclesiis

231 3863 266 3924 et
287 3861 361 3926 aliis
383 3862 552 3928 beneficiis
567 3859 796 3926 ecclesiasticis
811 3858 847 3922 in
869 3858 936 3922 illis
952 3858 1112 3945 partibus,
1129 3861 1284 3946 speciales

231 3962 284 4027 vel
305 3966 483 4050 generales,
506 3962 708 4050 Apostolicae
733 3961 827 4026 Sedis
851 3961 904 4026 vel
928 3961 1112 4048 legatorum
1127 3963 1284 4049 ejusdem,

230 4064 358 4133 litteras
394 4059 615 4154 impetrarint,
639 4069 674 4129 et
712 4064 741 4128 si
778 4085 836 4149 per
875 4084 929 4127 eas
963 4063 1007 4128 ad
1039 4063 1283 4144 inhibitionem,

231 4169 497 4246 reservationem,
520 4173 556 4234 et
579 4167 756 4242 decretum,
780 4165 835 4229 vel
864 4164 947 4230 alias
971 4166 1216 4252 quomodolibet
1239 4169 1284 4234 sit

231 4291 413 4354 processum
425 4293 433 4349 3
467 4293 549 4356 quas
573 4270 705 4354 quidem
729 4269 859 4332 litteras
882 4273 916 4332 et
949 4288 1129 4353 processus,
1152 4270 1284 4337 habitos

230 4392 289 4456 per
310 4372 441 4439 eosdem
463 4374 506 4437 ad
540 4373 663 4437 dictam
695 4369 915 4457 parochialem
939 4371 1107 4436 ecclesiam
1131 4373 1284 4438 volumus

230 4496 296 4539 non
312 4475 457 4551 extendi,
480 4474 538 4539 sed
554 4473 684 4537 nullum
699 4493 760 4559 per
774 4471 835 4538 hoc
859 4471 916 4550 eis,
932 4474 1040 4558 quoad
1057 4476 1283 4540 executionem

230 4577 467 4663 parochialium
506 4575 716 4641 ecclesiarum
760 4581 821 4638 aut
865 4572 1096 4638 beneficiorum
1143 4573 1283 4639 aliorum

230 4680 460 4764 praejudicium
482 4678 642 4765 generari,
666 4683 700 4741 91
729 4675 935 4760 quibuslibet
957 4675 1151 4760 privilegiis,
1173 4675 1284 4740 indul·
