3350 5800
581 885 871 937 cmrusmsrsns.
1211 873 1276 937 169

186 1075 330 1157 moris;
364 1078 500 1164 aliaque
531 1077 587 1163 pia
608 1075 805 1162 placationis
828 1074 935 1141 officia
968 1079 1145 1141 exerceant
1166 1074 1276 1140 humi·

185 1174 279 1241 liter
306 1184 349 1243 et
376 1180 565 1257 observent,
587 1184 628 1243 ut
649 1178 741 1244 Deus
764 1182 879 1243 noster
901 1176 1130 1264 Omnipotens,
1162 1199 1276 1245 eornm

187 1278 370 1363 precibus
417 1281 650 1368 complacatus,
689 1280 795 1344 dictos
833 1278 1088 1345 ambassiatores
1122 1278 1161 1356 in
1206 1280 1275 1344 suis

186 1377 387 1447 laboribus
418 1386 454 1447 et
476 1380 595 1469 visgiis
618 1379 763 1445 feliciter
791 1384 945 1467 protegat
967 1384 1002 1445 et
1035 1384 1215 1456 conservet,
1237 1402 1276 1447 ac

188 1502 327 1567 pacem
369 1506 409 1551 ac
445 1484 735 1571 tranquillitatem,
769 1483 813 1548 ad
846 1505 946 1569 quam
984 1483 1146 1560 laborant,
1179 1484 1275 1551 nobis

188 1584 345 1653 tribuat
361 1588 549 1653 diutissime
573 1586 773 1651 affectatam.
814 1586 868 1662 Et,
890 1590 931 1650 ut
954 1586 997 1650 ad
1019 1586 1274 1672 supplicandum

192 1686 366 1755 fidelium
390 1695 519 1755 mentes
540 1688 736 1777 propensius
770 1689 969 1765 excitentur,
991 1690 1033 1755 de
1070 1688 1135 1753 Dei
1159 1689 1275 1755 Omni·
1304 1726 1308 1737 ·

193 1794 365 1875 potentis
402 1793 564 1858 immensa
595 1791 827 1869 misericordia,
851 1796 886 1856 et
918 1790 1125 1857 Beatissimae
1157 1790 1274 1858 Maria

193 1891 367 1982 Virginis
402 1896 518 1961 matris
549 1894 706 1981 ejusdem,
729 1914 768 1959 ac
794 1894 974 1959 Beatorum
997 1894 1089 1958 Petri
1113 1899 1148 1959 et
1177 1892 1274 1959 Pauli

194 1994 452 2081 Apostolorum
499 1995 578 2081 ejus,
624 2016 751 2061 necnon
806 1995 1003 2061 Sanctorum
1048 1994 1193 2081 Alphegi
1240 2001 1274 2060 et

196 2094 353 2163 Thomna
376 2098 575 2184 Martyrum,
598 2103 813 2183 patronorum
837 2102 1036 2175 nostrorum,
1059 2096 1274 2183 omniumque

200 2196 416 2265 Sanctorum
454 2199 608 2285 precibus
645 2198 857 2273 confidentes,
894 2197 975 2284 ipsis
1022 2197 1185 2275 fidelibus,
1232 2199 1274 2265 de

200 2302 359 2387 peccatis
383 2302 452 2367 suis
474 2323 553 2367 vere
584 2300 826 2387 poenitentibus
849 2305 884 2365 et
917 2299 1082 2377 confessis,
1104 2302 1275 2387 praemissa

201 2407 250 2467 ut
276 2404 499 2490 praemittitur
520 2402 727 2479 facientibus,
760 2402 984 2489 quadraginta
1006 2402 1077 2468 dies
1099 2404 1274 2495 indulgen·

203 2504 272 2573 tiae
295 2555 521 2573 .....
546 2504 771 2593 [concedimus
793 2526 855 2590 per
877 2504 1094 2592 praesentes].¹

210 2788 515 2857 wls-Limum
576 2786 757 2851 srmmsr
824 2787 951 2854 Bromi
1009 2789 1165 2855 Mucius
1232 2808 1275 2856 rr
1316 2817 1415 2881 ηομ,

395 2890 722 2955 Annsmrsoamr
746 2886 924 2956 Orvrrsms
946 2890 1141 2958 Losnosrs
1170 2907 1273 2958 mssa
1329 2886 1402 2936 ¹⁴⁸⁸·

396 2991 557 3057 Jonmm
626 2989 836 3056 Ssnrssunr
905 2993 1032 3058 Parem
1092 2993 1272 3061 Eccnnsra
1286 3009 1320 3060 rr.
1334 3009 1411 3062 rtet.

396 3093 541 3161 Onmsrr
565 3091 856 3160 Csrrcmmrsrs.

262 3271 468 3342 Honorando
483 3274 520 3338 in
543 3271 677 3338 Christo
693 3278 789 3360 pater
811 3279 846 3340 et
868 3274 1009 3353 domine,
1023 3277 1193 3363 pramisso
1215 3278 1270 3343 de·
1283 3285 1338 3336 The
1350 3284 1420 3336 Loro

216 3384 304 3444 votae
337 3375 668 3443 recommendationis
703 3377 849 3454 exordio,
886 3399 953 3443 non
991 3379 1116 3465 absque
1149 3353 1436 3470 mentisfflffl

215 3478 438 3546 amaritudine
469 3477 666 3565 paternitati
688 3483 810 3544 vestrae
840 3479 1085 3558 innotescimus,
1117 3483 1206 3567 quod
1228 3483 1432 3548 ad⁰f11⁰¹²d0n

214 3589 349 3649 tantum
365 3582 402 3646 in
416 3581 512 3646 brevi
527 3581 676 3645 diversos
691 3602 786 3646 arcus
800 3583 912 3669 pontis
928 3583 1076 3649 civitatis
1091 3584 1271 3652 Londoniae
1284 3552 1398 3668 'fini-02¹¹&

215 3685 413 3753 deteriorari
451 3683 659 3769 percipimus,
697 3685 786 3770 quod
834 3684 959 3771 absque
996 3687 1111 3773 magni
1140 3688 1270 3754 concilii
1283 3683 1424 3804 {mim

213 3788 305 3865 viris,
328 3792 363 3853 et
400 3786 437 3850 in
470 3785 660 3870 hujusmodi
691 3785 829 3852 edificiis
860 3788 1079 3873 peritioribus,
1114 3791 1158 3854 ad
1179 3791 1270 3858 illius
1282 3817 1357 3869 allow
1368 3819 1436 3869 their

214 3890 322 3978 operia
345 3887 608 3954 emendationem
632 3888 777 3975 aggredi,
792 3893 854 3953 aut
875 3889 941 3954 hiis
964 3912 1082 3957 manus
1104 3914 1270 3980 apponere
1282 3885 1417 4004 mlo

215 3991 432 4080 quovismodo
466 3988 699 4076 multipliciter
741 3990 988 4058 formindamus.
1046 3995 1091 4061 Et
1122 3998 1202 4083 quia
1233 3999 1269 4063 in
1282 4032 1374 4085 ,ως

214 4093 407 4182 hujusmodi
429 4091 559 4158 casibus
581 4089 739 4156 dilectum
762 4091 961 4158 familiarem
984 4101 1143 4182 vestrum
1156 4100 1271 4167 Ricar·
1284 4085 1395 4212 bimi?

215 4199 296 4263 dum
318 4195 411 4260 Beke
442 4195 479 4258 in
502 4197 617 4258 nostra
648 4193 911 4260 consideratione
942 4198 1109 4283 peritioris
1142 4204 1271 4268 concilii
1284 4217 1350 4268 uhic
1379 4218 1401 4267 is

215 4301 327 4364 virum
364 4298 453 4362 inter
499 4300 624 4362 ceteros
670 4302 875 4384 reputamus,
912 4302 1108 4385 paternitati
1154 4310 1273 4371 vestrae
1287 4283 1402 4400 ΨἭΞ

215 4399 369 4466 devotius
401 4395 634 4484 supplicamus,
666 4398 823 4484 quatinus
846 4400 973 4467 dictum
1004 4403 1193 4483 Ricardum,
1230 4408 1274 4473 ad
1287 4365 1376 4480 didm

215 4503 322 4590 ipsius
337 4501 446 4588 operis
468 4500 685 4566 scrutandum
701 4501 858 4586 pericula,
881 4509 916 4568 et
938 4504 1011 4590 ejus
1026 4527 1143 4571 sanum
1166 4510 1274 4594 appli-

216 4605 361 4672 candum
393 4602 580 4680 concilium,
604 4603 772 4689 quamcito
803 4606 973 4672 commode
996 4609 1129 4693 poterit,
1151 4611 1275 4675 nostris

269 4819 278 4852 ¹
297 4819 354 4871 'l'he
365 4817 423 4871 MS.
436 4819 499 4869 ends
512 4819 641 4883 abruptly,
653 4818 696 4870 the
709 4820 758 4869 last
771 4817 819 4870 scr
832 4820 915 4870 words
926 4818 1024 4887 haring
1035 4823 1101 4872 been
1113 4830 1156 4873 cot
1166 4822 1209 4873 off.
