<?xml version="1.0" encoding="UTF-8"?>
<!DOCTYPE html PUBLIC "-//W3C//DTD XHTML 1.0 Transitional//EN"
    "http://www.w3.org/TR/xhtml1/DTD/xhtml1-transitional.dtd">
<html xmlns="http://www.w3.org/1999/xhtml" xml:lang="en" lang="en">
 <head>
  <title>
</title>
<meta http-equiv="Content-Type" content="text/html;charset=utf-8" />
  <meta name='ocr-system' content='tesseract 3.04.00' />
  <meta name='ocr-capabilities' content='ocr_page ocr_carea ocr_par ocr_line ocrx_word'/>
</head>
<body>
  <div class='ocr_page' id='page_1' title='image "./literaecantuari00shepgoog_0230.png"; bbox 0 0 3350 5800; ppageno 0'>
   <div class='ocr_carea' id='block_1_1' title="bbox 167 1215 1390 1487">
    <p class='ocr_par' dir='ltr' id='par_1_1' title="bbox 167 1215 1390 1487">
     <span class='ocr_line' id='line_1_1' title="bbox 167 1215 1390 1298; baseline 0.006 -21"><span class='ocrx_word' id='word_1_1' title='bbox 167 1215 477 1282; x_wconf 59' lang='lat' dir='ltr'>loon—Lunam</span> <span class='ocrx_word' id='word_1_2' title='bbox 515 1215 658 1282; x_wconf 84' lang='lat' dir='ltr'>Pnrorus</span> <span class='ocrx_word' id='word_1_3' title='bbox 694 1233 737 1280; x_wconf 83' lang='lat' dir='ltr'>sr</span> <span class='ocrx_word' id='word_1_4' title='bbox 768 1215 937 1282; x_wconf 77' lang='lat' dir='ltr'>Orrrrnrr</span> <span class='ocrx_word' id='word_1_5' title='bbox 970 1231 1143 1282; x_wconf 77' lang='lat' dir='ltr'>coucrssr</span> <span class='ocrx_word' id='word_1_6' title='bbox 1167 1215 1236 1278; x_wconf 89' lang='lat' dir='ltr'>Do·</span> <span class='ocrx_word' id='word_1_7' title='bbox 1267 1238 1297 1284; x_wconf 65' lang='grc' dir='ltr'>ει</span> <span class='ocrx_word' id='word_1_8' title='bbox 1313 1235 1390 1298; x_wconf 73' lang='lat' dir='ltr'>spru</span> 
     </span>
     <span class='ocr_line' id='line_1_2' title="bbox 374 1306 1365 1385; baseline -0.008 0"><span class='ocrx_word' id='word_1_9' title='bbox 374 1336 464 1384; x_wconf 82' lang='lat' dir='ltr'>mro</span> <span class='ocrx_word' id='word_1_10' title='bbox 488 1307 652 1384; x_wconf 82' lang='lat' dir='ltr'>Hnuarco</span> <span class='ocrx_word' id='word_1_11' title='bbox 668 1318 934 1384; x_wconf 77' lang='lat' dir='ltr'>Carrusaravsr</span> <span class='ocrx_word' id='word_1_12' title='bbox 957 1317 1237 1385; x_wconf 80' lang='lat' dir='ltr'>Aucmsmscoro</span> <span class='ocrx_word' id='word_1_13' title='bbox 1294 1306 1365 1352; x_wconf 72' lang='lat'><strong>1⁴³2·</strong></span> 
     </span>
     <span class='ocr_line' id='line_1_3' title="bbox 377 1419 1372 1487; baseline -0.017 -3"><span class='ocrx_word' id='word_1_14' title='bbox 377 1437 424 1484; x_wconf 82' lang='lat' dir='ltr'>nr</span> <span class='ocrx_word' id='word_1_15' title='bbox 447 1420 658 1487; x_wconf 75' lang='lat' dir='ltr'>Sirmium</span> <span class='ocrx_word' id='word_1_16' title='bbox 682 1435 756 1486; x_wconf 74' lang='lat' dir='ltr'>sui.</span> <span class='ocrx_word' id='word_1_17' title='bbox 1252 1419 1372 1470; x_wconf 79' lang='lat' dir='ltr'>arna.</span> 
     </span>
    </p>
   </div>
   <div class='ocr_carea' id='block_1_2' title="bbox 168 1599 1406 1993">
    <p class='ocr_par' dir='ltr' id='par_1_2' title="bbox 168 1599 1406 1993">
     <span class='ocr_line' id='line_1_4' title="bbox 216 1599 1405 1687; baseline 0 -21"><span class='ocrx_word' id='word_1_18' title='bbox 216 1599 412 1679; x_wconf 89' lang='lat' dir='ltr'>Universis,</span> <span class='ocrx_word' id='word_1_19' title='bbox 435 1607 494 1670; x_wconf 87' lang='lat' dir='ltr'>etc.</span> <span class='ocrx_word' id='word_1_20' title='bbox 519 1601 705 1667; x_wconf 90' lang='lat' dir='ltr'>Willelmus</span> <span class='ocrx_word' id='word_1_21' title='bbox 736 1601 799 1666; x_wconf 93' lang='lat' dir='ltr'>Dei</span> <span class='ocrx_word' id='word_1_22' title='bbox 830 1600 1045 1687; x_wconf 79' lang='lat' dir='ltr'>permissione</span> <span class='ocrx_word' id='word_1_23' title='bbox 1078 1601 1233 1668; x_wconf 76' lang='lat' dir='ltr'>Ecclesiae</span> <span class='ocrx_word' id='word_1_24' title='bbox 1251 1609 1405 1687; x_wconf 73' lang='lat' dir='ltr'>Thechap·</span> 
     </span>
     <span class='ocr_line' id='line_1_5' title="bbox 169 1683 1391 1792; baseline -0.001 -24"><span class='ocrx_word' id='word_1_25' title='bbox 169 1700 304 1768; x_wconf 75' lang='lat' dir='ltr'><strong>Christi</strong></span> <span class='ocrx_word' id='word_1_26' title='bbox 346 1703 598 1770; x_wconf 88' lang='lat' dir='ltr'>Cantuariensis</span> <span class='ocrx_word' id='word_1_27' title='bbox 637 1703 732 1767; x_wconf 88' lang='lat' dir='ltr'>Prior</span> <span class='ocrx_word' id='word_1_28' title='bbox 769 1707 804 1768; x_wconf 93' lang='lat' dir='ltr'>et</span> <span class='ocrx_word' id='word_1_29' title='bbox 843 1702 1038 1789; x_wconf 80' lang='lat' dir='ltr'>Capitulum</span> <span class='ocrx_word' id='word_1_30' title='bbox 1077 1703 1234 1789; x_wconf 88' lang='lat' dir='ltr'>ejusdem,</span> <span class='ocrx_word' id='word_1_31' title='bbox 1251 1683 1391 1792; x_wconf 49' lang='lat' dir='ltr'>mm</span> 
     </span>
     <span class='ocr_line' id='line_1_6' title="bbox 168 1804 1342 1892; baseline 0.002 -23"><span class='ocrx_word' id='word_1_32' title='bbox 168 1804 321 1870; x_wconf 85' lang='lat' dir='ltr'>salutem</span> <span class='ocrx_word' id='word_1_33' title='bbox 355 1806 391 1869; x_wconf 91' lang='lat' dir='ltr'>in</span> <span class='ocrx_word' id='word_1_34' title='bbox 427 1806 575 1871; x_wconf 90' lang='lat' dir='ltr'>omnium</span> <span class='ocrx_word' id='word_1_35' title='bbox 608 1805 791 1884; x_wconf 73' lang='lat' dir='ltr'>salvatore,</span> <span class='ocrx_word' id='word_1_36' title='bbox 814 1810 850 1870; x_wconf 90' lang='lat' dir='ltr'>et</span> <span class='ocrx_word' id='word_1_37' title='bbox 882 1806 1100 1892; x_wconf 68' lang='lat' dir='ltr'>praesentibus</span> <span class='ocrx_word' id='word_1_38' title='bbox 1138 1805 1236 1868; x_wconf 88' lang='lat' dir='ltr'>fidem</span> <span class='ocrx_word' id='word_1_39' title='bbox 1251 1809 1342 1886; x_wconf 67' lang='lat' dir='ltr'>biscop</span> 
     </span>
     <span class='ocr_line' id='line_1_7' title="bbox 170 1875 1406 1993; baseline -0.002 -20"><span class='ocrx_word' id='word_1_40' title='bbox 170 1907 346 1974; x_wconf 85' lang='lat' dir='ltr'>adhibere.</span> <span class='ocrx_word' id='word_1_41' title='bbox 395 1908 479 1973; x_wconf 89' lang='lat' dir='ltr'>Cum</span> <span class='ocrx_word' id='word_1_42' title='bbox 510 1908 801 1974; x_wconf 89' lang='lat' dir='ltr'>reverendissimus</span> <span class='ocrx_word' id='word_1_43' title='bbox 836 1908 871 1971; x_wconf 93' lang='lat' dir='ltr'>in</span> <span class='ocrx_word' id='word_1_44' title='bbox 908 1907 1043 1973; x_wconf 87' lang='lat' dir='ltr'>Christo</span> <span class='ocrx_word' id='word_1_45' title='bbox 1076 1913 1171 1993; x_wconf 87' lang='lat' dir='ltr'>pater</span> <span class='ocrx_word' id='word_1_46' title='bbox 1203 1875 1406 1993; x_wconf 51' lang='lat' dir='ltr'>etsshfflss,</span> 
     </span>
    </p>
   </div>
   <div class='ocr_carea' id='block_1_3' title="bbox 170 2008 1365 2090">
    <p class='ocr_par' dir='ltr' id='par_1_3' title="bbox 170 2008 1365 2090">
     <span class='ocr_line' id='line_1_8' title="bbox 170 2008 1365 2090; baseline 0.001 -19"><span class='ocrx_word' id='word_1_47' title='bbox 170 2009 335 2074; x_wconf 89' lang='lat' dir='ltr'>dominus</span> <span class='ocrx_word' id='word_1_48' title='bbox 367 2016 488 2090; x_wconf 85' lang='lat' dir='ltr'>noster,</span> <span class='ocrx_word' id='word_1_49' title='bbox 525 2009 689 2075; x_wconf 79' lang='lat' dir='ltr'>Dominus</span> <span class='ocrx_word' id='word_1_50' title='bbox 727 2009 894 2074; x_wconf 89' lang='lat' dir='ltr'>Henricus</span> <span class='ocrx_word' id='word_1_51' title='bbox 933 2010 1043 2075; x_wconf 87' lang='lat' dir='ltr'>dictus</span> <span class='ocrx_word' id='word_1_52' title='bbox 1079 2008 1234 2074; x_wconf 82' lang='lat' dir='ltr'>Chichele</span> <span class='ocrx_word' id='word_1_53' title='bbox 1249 2011 1365 2059; x_wconf 72' lang='lat' dir='ltr'>¹⁰mb0¹¹</span> 
     </span>
    </p>
   </div>
   <div class='ocr_carea' id='block_1_4' title="bbox 172 2076 1398 2199">
    <p class='ocr_par' dir='ltr' id='par_1_4' title="bbox 172 2076 1398 2199">
     <span class='ocr_line' id='line_1_9' title="bbox 172 2076 1398 2199; baseline 0.003 -24"><span class='ocrx_word' id='word_1_54' title='bbox 172 2112 456 2199; x_wconf 84' lang='lat' dir='ltr'>Archiepiscopus</span> <span class='ocrx_word' id='word_1_55' title='bbox 492 2113 751 2190; x_wconf 78' lang='lat' dir='ltr'>Cantuariensis,</span> <span class='ocrx_word' id='word_1_56' title='bbox 786 2119 846 2179; x_wconf 91' lang='lat' dir='ltr'>etc.</span> <span class='ocrx_word' id='word_1_57' title='bbox 882 2113 926 2177; x_wconf 95' lang='lat' dir='ltr'>ob</span> <span class='ocrx_word' id='word_1_58' title='bbox 964 2114 1233 2199; x_wconf 88' lang='lat' dir='ltr'>specialissimam</span> <span class='ocrx_word' id='word_1_59' title='bbox 1250 2076 1398 2192; x_wconf 45' lang='lat' dir='ltr'>pppenpsrttpw</span> 
     </span>
    </p>
   </div>
   <div class='ocr_carea' id='block_1_5' title="bbox 172 2208 1409 3827">
    <p class='ocr_par' dir='ltr' id='par_1_5' title="bbox 172 2208 1409 3115">
     <span class='ocr_line' id='line_1_10' title="bbox 172 2208 1409 2326; baseline 0.002 -50"><span class='ocrx_word' id='word_1_60' title='bbox 172 2213 400 2290; x_wconf 84' lang='lat' dir='ltr'>affectionem,</span> <span class='ocrx_word' id='word_1_61' title='bbox 432 2235 525 2278; x_wconf 89' lang='lat' dir='ltr'>suam</span> <span class='ocrx_word' id='word_1_62' title='bbox 568 2219 645 2300; x_wconf 89' lang='lat' dir='ltr'>post</span> <span class='ocrx_word' id='word_1_63' title='bbox 679 2219 819 2280; x_wconf 87' lang='lat' dir='ltr'>mortem</span> <span class='ocrx_word' id='word_1_64' title='bbox 854 2215 1000 2300; x_wconf 90' lang='lat' dir='ltr'>corporis</span> <span class='ocrx_word' id='word_1_65' title='bbox 1039 2216 1092 2278; x_wconf 90' lang='lat' dir='ltr'>sui</span> <span class='ocrx_word' id='word_1_66' title='bbox 1126 2208 1409 2326; x_wconf 55' lang='lat' dir='ltr'>⁸2P¹1¹³5¹¹ss³fi0⁰lssle</span> 
     </span>
     <span class='ocr_line' id='line_1_11' title="bbox 175 2315 1398 2406; baseline 0.002 -28"><span class='ocrx_word' id='word_1_67' title='bbox 175 2318 292 2381; x_wconf 89' lang='lat' dir='ltr'>turam</span> <span class='ocrx_word' id='word_1_68' title='bbox 326 2317 362 2380; x_wconf 92' lang='lat' dir='ltr'>in</span> <span class='ocrx_word' id='word_1_69' title='bbox 398 2316 543 2382; x_wconf 76' lang='lat' dir='ltr'>Ecclesia</span> <span class='ocrx_word' id='word_1_70' title='bbox 577 2316 744 2400; x_wconf 86' lang='lat' dir='ltr'>praedicta,</span> <span class='ocrx_word' id='word_1_71' title='bbox 777 2316 886 2382; x_wconf 87' lang='lat' dir='ltr'>adhuc</span> <span class='ocrx_word' id='word_1_72' title='bbox 923 2317 1012 2381; x_wconf 90' lang='lat' dir='ltr'>inter</span> <span class='ocrx_word' id='word_1_73' title='bbox 1050 2316 1145 2380; x_wconf 90' lang='lat' dir='ltr'>vivos</span> <span class='ocrx_word' id='word_1_74' title='bbox 1180 2339 1237 2382; x_wconf 81' lang='lat' dir='ltr'>ex·</span> <span class='ocrx_word' id='word_1_75' title='bbox 1251 2315 1398 2406; x_wconf 73' lang='lat' dir='ltr'>anothey&#39;</span> 
     </span>
     <span class='ocr_line' id='line_1_12' title="bbox 176 2411 1393 2526; baseline 0.002 -46"><span class='ocrx_word' id='word_1_76' title='bbox 176 2415 295 2494; x_wconf 89' lang='lat' dir='ltr'>istens,</span> <span class='ocrx_word' id='word_1_77' title='bbox 319 2417 456 2503; x_wconf 84' lang='lat' dir='ltr'>elegerit</span> <span class='ocrx_word' id='word_1_78' title='bbox 488 2421 523 2482; x_wconf 90' lang='lat' dir='ltr'>et</span> <span class='ocrx_word' id='word_1_79' title='bbox 555 2417 733 2494; x_wconf 88' lang='lat' dir='ltr'>ordinavit,</span> <span class='ocrx_word' id='word_1_80' title='bbox 756 2418 791 2480; x_wconf 91' lang='lat' dir='ltr'>in</span> <span class='ocrx_word' id='word_1_81' title='bbox 826 2417 897 2482; x_wconf 93' lang='lat' dir='ltr'>loco</span> <span class='ocrx_word' id='word_1_82' title='bbox 919 2417 962 2481; x_wconf 89' lang='lat' dir='ltr'>ad</span> <span class='ocrx_word' id='word_1_83' title='bbox 994 2417 1057 2482; x_wconf 93' lang='lat' dir='ltr'>hoc</span> <span class='ocrx_word' id='word_1_84' title='bbox 1092 2423 1171 2503; x_wconf 91' lang='lat' dir='ltr'>apto</span> <span class='ocrx_word' id='word_1_85' title='bbox 1204 2411 1393 2526; x_wconf 47' lang='lat' dir='ltr'>etppqetrpke</span> 
     </span>
     <span class='ocr_line' id='line_1_13' title="bbox 176 2491 1399 2604; baseline 0.006 -23"><span class='ocrx_word' id='word_1_86' title='bbox 176 2517 331 2596; x_wconf 89' lang='lat' dir='ltr'>honesto,</span> <span class='ocrx_word' id='word_1_87' title='bbox 355 2519 481 2584; x_wconf 87' lang='lat' dir='ltr'>nemini</span> <span class='ocrx_word' id='word_1_88' title='bbox 512 2519 639 2596; x_wconf 88' lang='lat' dir='ltr'>nocivo,</span> <span class='ocrx_word' id='word_1_89' title='bbox 661 2519 826 2594; x_wconf 89' lang='lat' dir='ltr'>videlicet,</span> <span class='ocrx_word' id='word_1_90' title='bbox 849 2519 892 2583; x_wconf 89' lang='lat' dir='ltr'>ad</span> <span class='ocrx_word' id='word_1_91' title='bbox 926 2523 1055 2604; x_wconf 87' lang='lat' dir='ltr'>partem</span> <span class='ocrx_word' id='word_1_92' title='bbox 1079 2519 1238 2585; x_wconf 90' lang='lat' dir='ltr'>borialem</span> <span class='ocrx_word' id='word_1_93' title='bbox 1250 2491 1399 2591; x_wconf 63' lang='lat' dir='ltr'>missalem</span> 
     </span>
     <span class='ocr_line' id='line_1_14' title="bbox 176 2608 1406 2724; baseline 0.001 -40"><span class='ocrx_word' id='word_1_94' title='bbox 176 2619 272 2684; x_wconf 90' lang='lat' dir='ltr'>chori</span> <span class='ocrx_word' id='word_1_95' title='bbox 309 2621 424 2699; x_wconf 85' lang='lat' dir='ltr'>nostri,</span> <span class='ocrx_word' id='word_1_96' title='bbox 459 2620 546 2685; x_wconf 90' lang='lat' dir='ltr'>inter</span> <span class='ocrx_word' id='word_1_97' title='bbox 585 2620 693 2684; x_wconf 89' lang='lat' dir='ltr'>locum</span> <span class='ocrx_word' id='word_1_98' title='bbox 732 2620 948 2704; x_wconf 89' lang='lat' dir='ltr'>reliquiarum</span> <span class='ocrx_word' id='word_1_99' title='bbox 988 2626 1023 2684; x_wconf 90' lang='lat' dir='ltr'>et</span> <span class='ocrx_word' id='word_1_100' title='bbox 1062 2621 1238 2686; x_wconf 89' lang='lat' dir='ltr'>introitum</span> <span class='ocrx_word' id='word_1_101' title='bbox 1250 2608 1406 2724; x_wconf 37' lang='lat' dir='ltr'>{2⁸¹3le</span> 
     </span>
     <span class='ocr_line' id='line_1_15' title="bbox 179 2721 1350 2802; baseline 0.003 -16"><span class='ocrx_word' id='word_1_102' title='bbox 179 2721 274 2788; x_wconf 90' lang='lat' dir='ltr'>chori</span> <span class='ocrx_word' id='word_1_103' title='bbox 300 2723 342 2788; x_wconf 91' lang='lat' dir='ltr'>de</span> <span class='ocrx_word' id='word_1_104' title='bbox 373 2723 540 2788; x_wconf 86' lang='lat' dir='ltr'>vestibulo</span> <span class='ocrx_word' id='word_1_105' title='bbox 574 2721 617 2786; x_wconf 89' lang='lat' dir='ltr'>ad</span> <span class='ocrx_word' id='word_1_106' title='bbox 650 2743 816 2787; x_wconf 90' lang='lat' dir='ltr'>summum</span> <span class='ocrx_word' id='word_1_107' title='bbox 850 2721 956 2786; x_wconf 87' lang='lat' dir='ltr'>altare</span> <span class='ocrx_word' id='word_1_108' title='bbox 978 2722 1111 2802; x_wconf 88' lang='lat' dir='ltr'>ibidem,</span> <span class='ocrx_word' id='word_1_109' title='bbox 1134 2745 1173 2791; x_wconf 90' lang='lat' dir='ltr'>ac</span> <span class='ocrx_word' id='word_1_110' title='bbox 1195 2726 1350 2791; x_wconf 81' lang='lat' dir='ltr'>adturbed.</span> 
     </span>
     <span class='ocr_line' id='line_1_16' title="bbox 178 2822 1240 2909; baseline 0.001 -23"><span class='ocrx_word' id='word_1_111' title='bbox 178 2822 342 2889; x_wconf 91' lang='lat' dir='ltr'>honorem</span> <span class='ocrx_word' id='word_1_112' title='bbox 382 2823 453 2901; x_wconf 82' lang='lat' dir='ltr'>Dei,</span> <span class='ocrx_word' id='word_1_113' title='bbox 487 2827 522 2888; x_wconf 94' lang='lat' dir='ltr'>et</span> <span class='ocrx_word' id='word_1_114' title='bbox 561 2822 715 2888; x_wconf 70' lang='lat' dir='ltr'>Ecclesiae</span> <span class='ocrx_word' id='word_1_115' title='bbox 753 2826 917 2900; x_wconf 88' lang='lat' dir='ltr'>ornatum,</span> <span class='ocrx_word' id='word_1_116' title='bbox 946 2825 1155 2909; x_wconf 82' lang='lat' dir='ltr'>corporisque</span> <span class='ocrx_word' id='word_1_117' title='bbox 1187 2825 1240 2888; x_wconf 91' lang='lat' dir='ltr'>sui</span> 
     </span>
     <span class='ocr_line' id='line_1_17' title="bbox 181 2924 1241 3012; baseline 0.001 -23"><span class='ocrx_word' id='word_1_118' title='bbox 181 2926 390 3005; x_wconf 87' lang='lat' dir='ltr'>memoriam,</span> <span class='ocrx_word' id='word_1_119' title='bbox 426 2926 592 3012; x_wconf 85' lang='lat' dir='ltr'>quoddam</span> <span class='ocrx_word' id='word_1_120' title='bbox 631 2930 885 2990; x_wconf 87' lang='lat' dir='ltr'>monumentum</span> <span class='ocrx_word' id='word_1_121' title='bbox 922 2924 993 2990; x_wconf 91' lang='lat' dir='ltr'>sive</span> <span class='ocrx_word' id='word_1_122' title='bbox 1039 2926 1241 2991; x_wconf 84' lang='lat' dir='ltr'>mausoleum</span> 
     </span>
     <span class='ocr_line' id='line_1_18' title="bbox 181 3027 1244 3115; baseline 0 -23"><span class='ocrx_word' id='word_1_123' title='bbox 181 3032 418 3115; x_wconf 86' lang='lat' dir='ltr'>sumptuosum</span> <span class='ocrx_word' id='word_1_124' title='bbox 441 3027 653 3104; x_wconf 85' lang='lat' dir='ltr'>extruxerit,1</span> <span class='ocrx_word' id='word_1_125' title='bbox 677 3028 768 3092; x_wconf 88' lang='lat' dir='ltr'>etin</span> <span class='ocrx_word' id='word_1_126' title='bbox 794 3047 832 3093; x_wconf 92' lang='lat' dir='ltr'>eo</span> <span class='ocrx_word' id='word_1_127' title='bbox 852 3048 948 3091; x_wconf 90' lang='lat' dir='ltr'>sunm</span> <span class='ocrx_word' id='word_1_128' title='bbox 971 3046 1089 3114; x_wconf 89' lang='lat' dir='ltr'>corpus</span> <span class='ocrx_word' id='word_1_129' title='bbox 1112 3029 1244 3115; x_wconf 90' lang='lat' dir='ltr'>sepeliri</span> 
     </span>
    </p>

    <p class='ocr_par' dir='ltr' id='par_1_6' title="bbox 183 3120 1244 3316">
     <span class='ocr_line' id='line_1_19' title="bbox 183 3120 1243 3216; baseline 0.001 -23"><span class='ocrx_word' id='word_1_130' title='bbox 183 3134 218 3194; x_wconf 91' lang='lat' dir='ltr'>et</span> <span class='ocrx_word' id='word_1_131' title='bbox 249 3120 386 3195; x_wconf 83' lang='lat' dir='ltr'>recondi</span> <span class='ocrx_word' id='word_1_132' title='bbox 417 3130 627 3216; x_wconf 75' lang='lat' dir='ltr'>disposuerit,</span> <span class='ocrx_word' id='word_1_133' title='bbox 651 3150 755 3214; x_wconf 87' lang='lat' dir='ltr'>usque</span> <span class='ocrx_word' id='word_1_134' title='bbox 794 3130 835 3193; x_wconf 87' lang='lat' dir='ltr'>ad</span> <span class='ocrx_word' id='word_1_135' title='bbox 875 3130 1061 3215; x_wconf 85' lang='lat' dir='ltr'>generalem</span> <span class='ocrx_word' id='word_1_136' title='bbox 1094 3130 1243 3195; x_wconf 89' lang='lat' dir='ltr'>fidelium</span> 
     </span>
     <span class='ocr_line' id='line_1_20' title="bbox 184 3231 1244 3316; baseline 0.001 -20"><span class='ocrx_word' id='word_1_137' title='bbox 184 3234 469 3309; x_wconf 87' lang='lat' dir='ltr'>resurrectionem,</span> <span class='ocrx_word' id='word_1_138' title='bbox 494 3233 626 3297; x_wconf 89' lang='lat' dir='ltr'>volente</span> <span class='ocrx_word' id='word_1_139' title='bbox 658 3231 739 3308; x_wconf 92' lang='lat' dir='ltr'>Deo,</span> <span class='ocrx_word' id='word_1_140' title='bbox 762 3252 1035 3316; x_wconf 70' lang='lat' dir='ltr'>permansurum,</span> <span class='ocrx_word' id='word_1_141' title='bbox 1067 3255 1127 3297; x_wconf 86' lang='lat' dir='ltr'>nos</span> <span class='ocrx_word' id='word_1_142' title='bbox 1149 3233 1244 3297; x_wconf 89' lang='lat' dir='ltr'>Prior</span> 
     </span>
    </p>

    <p class='ocr_par' dir='ltr' id='par_1_7' title="bbox 185 3332 1243 3519">
     <span class='ocr_line' id='line_1_21' title="bbox 185 3332 1242 3420; baseline 0 -23"><span class='ocrx_word' id='word_1_143' title='bbox 185 3338 221 3397; x_wconf 87' lang='lat' dir='ltr'>ct</span> <span class='ocrx_word' id='word_1_144' title='bbox 245 3332 440 3399; x_wconf 82' lang='lat' dir='ltr'>Conventus</span> <span class='ocrx_word' id='word_1_145' title='bbox 463 3332 632 3408; x_wconf 87' lang='lat' dir='ltr'>antedicti,</span> <span class='ocrx_word' id='word_1_146' title='bbox 656 3332 745 3417; x_wconf 87' lang='lat' dir='ltr'>piam</span> <span class='ocrx_word' id='word_1_147' title='bbox 770 3332 917 3417; x_wconf 90' lang='lat' dir='ltr'>ejusdem</span> <span class='ocrx_word' id='word_1_148' title='bbox 940 3334 1114 3398; x_wconf 89' lang='lat' dir='ltr'>reverendi</span> <span class='ocrx_word' id='word_1_149' title='bbox 1136 3335 1242 3420; x_wconf 89' lang='lat' dir='ltr'>patris</span> 
     </span>
     <span class='ocr_line' id='line_1_22' title="bbox 185 3432 1243 3519; baseline 0.002 -20"><span class='ocrx_word' id='word_1_150' title='bbox 185 3436 410 3501; x_wconf 90' lang='lat' dir='ltr'>intentionem</span> <span class='ocrx_word' id='word_1_151' title='bbox 433 3434 653 3511; x_wconf 88' lang='lat' dir='ltr'>attendentes,</span> <span class='ocrx_word' id='word_1_152' title='bbox 671 3432 824 3519; x_wconf 89' lang='lat' dir='ltr'>quodque</span> <span class='ocrx_word' id='word_1_153' title='bbox 847 3435 937 3499; x_wconf 89' lang='lat' dir='ltr'>idem</span> <span class='ocrx_word' id='word_1_154' title='bbox 952 3437 1243 3501; x_wconf 89' lang='lat' dir='ltr'>reverendissimus</span> 
     </span>
    </p>

    <p class='ocr_par' dir='ltr' id='par_1_8' title="bbox 187 3523 1244 3827">
     <span class='ocr_line' id='line_1_23' title="bbox 187 3523 1242 3622; baseline 0 -19"><span class='ocrx_word' id='word_1_155' title='bbox 187 3523 285 3622; x_wconf 80' lang='lat' dir='ltr'>pater</span> <span class='ocrx_word' id='word_1_156' title='bbox 318 3536 480 3603; x_wconf 90' lang='lat' dir='ltr'>nonnulla</span> <span class='ocrx_word' id='word_1_157' title='bbox 514 3536 601 3600; x_wconf 87' lang='lat' dir='ltr'>bona</span> <span class='ocrx_word' id='word_1_158' title='bbox 632 3540 666 3599; x_wconf 90' lang='lat' dir='ltr'>et</span> <span class='ocrx_word' id='word_1_159' title='bbox 685 3534 808 3619; x_wconf 87' lang='lat' dir='ltr'>jocalia</span> <span class='ocrx_word' id='word_1_160' title='bbox 839 3537 882 3599; x_wconf 91' lang='lat' dir='ltr'>ad</span> <span class='ocrx_word' id='word_1_161' title='bbox 905 3557 1001 3600; x_wconf 90' lang='lat' dir='ltr'>usum</span> <span class='ocrx_word' id='word_1_162' title='bbox 1033 3543 1242 3603; x_wconf 85' lang='lat' dir='ltr'>stornatum</span> 
     </span>
     <span class='ocr_line' id='line_1_24' title="bbox 187 3636 1243 3724; baseline 0 -19"><span class='ocrx_word' id='word_1_163' title='bbox 187 3638 344 3705; x_wconf 78' lang='lat' dir='ltr'>Ecclesiae</span> <span class='ocrx_word' id='word_1_164' title='bbox 362 3643 397 3702; x_wconf 89' lang='lat' dir='ltr'>ct</span> <span class='ocrx_word' id='word_1_165' title='bbox 412 3638 605 3704; x_wconf 83' lang='lat' dir='ltr'>Conventus</span> <span class='ocrx_word' id='word_1_166' title='bbox 621 3636 796 3701; x_wconf 90' lang='lat' dir='ltr'>donaverit</span> <span class='ocrx_word' id='word_1_167' title='bbox 819 3642 854 3703; x_wconf 91' lang='lat' dir='ltr'>et</span> <span class='ocrx_word' id='word_1_168' title='bbox 869 3638 986 3703; x_wconf 88' lang='lat' dir='ltr'>donari</span> <span class='ocrx_word' id='word_1_169' title='bbox 1009 3642 1243 3724; x_wconf 86' lang='lat' dir='ltr'>procuraverit,</span> 
     </span>
     <span class='ocr_line' id='line_1_25' title="bbox 188 3740 1244 3827; baseline 0.004 -23"><span class='ocrx_word' id='word_1_170' title='bbox 188 3762 392 3827; x_wconf 84' lang='lat' dir='ltr'>magnasque</span> <span class='ocrx_word' id='word_1_171' title='bbox 415 3740 630 3827; x_wconf 88' lang='lat' dir='ltr'>pecuniarum</span> <span class='ocrx_word' id='word_1_172' title='bbox 653 3760 798 3804; x_wconf 89' lang='lat' dir='ltr'>summas</span> <span class='ocrx_word' id='word_1_173' title='bbox 835 3740 879 3804; x_wconf 88' lang='lat' dir='ltr'>ad</span> <span class='ocrx_word' id='word_1_174' title='bbox 911 3742 1153 3825; x_wconf 89' lang='lat' dir='ltr'>reparationem</span> <span class='ocrx_word' id='word_1_175' title='bbox 1186 3744 1244 3808; x_wconf 91' lang='lat' dir='ltr'>Ec-</span> 
     </span>
    </p>
   </div>
   <div class='ocr_carea' id='block_1_6' title="bbox 190 3840 1244 3930">
    <p class='ocr_par' dir='ltr' id='par_1_9' title="bbox 190 3840 1244 3930">
     <span class='ocr_line' id='line_1_26' title="bbox 190 3840 1244 3930; baseline 0.003 -23"><span class='ocrx_word' id='word_1_176' title='bbox 190 3842 299 3908; x_wconf 87' lang='lat' dir='ltr'>clesiae</span> <span class='ocrx_word' id='word_1_177' title='bbox 330 3844 498 3928; x_wconf 76' lang='lat' dir='ltr'>praedicta</span> <span class='ocrx_word' id='word_1_178' title='bbox 532 3847 567 3907; x_wconf 88' lang='lat' dir='ltr'>et</span> <span class='ocrx_word' id='word_1_179' title='bbox 598 3840 791 3927; x_wconf 88' lang='lat' dir='ltr'>campanilis</span> <span class='ocrx_word' id='word_1_180' title='bbox 824 3841 981 3927; x_wconf 90' lang='lat' dir='ltr'>ejusdem,</span> <span class='ocrx_word' id='word_1_181' title='bbox 1004 3850 1039 3908; x_wconf 91' lang='lat' dir='ltr'>et</span> <span class='ocrx_word' id='word_1_182' title='bbox 1062 3847 1244 3930; x_wconf 87' lang='lat' dir='ltr'>praesertim</span> 
     </span>
    </p>
   </div>
   <div class='ocr_carea' id='block_1_7' title="bbox 191 3944 1247 4642">
    <p class='ocr_par' dir='ltr' id='par_1_10' title="bbox 191 3944 1247 4642">
     <span class='ocr_line' id='line_1_27' title="bbox 191 3944 1244 4033; baseline 0.005 -24"><span class='ocrx_word' id='word_1_183' title='bbox 191 3966 288 4011; x_wconf 80' lang='lat' dir='ltr'>novae</span> <span class='ocrx_word' id='word_1_184' title='bbox 326 3945 472 4010; x_wconf 86' lang='lat' dir='ltr'>librariae</span> <span class='ocrx_word' id='word_1_185' title='bbox 510 3944 795 4021; x_wconf 89' lang='lat' dir='ltr'>constructionem,</span> <span class='ocrx_word' id='word_1_186' title='bbox 834 3945 1029 4030; x_wconf 81' lang='lat' dir='ltr'>erogaverit,</span> <span class='ocrx_word' id='word_1_187' title='bbox 1066 3950 1101 4011; x_wconf 92' lang='lat' dir='ltr'>et</span> <span class='ocrx_word' id='word_1_188' title='bbox 1138 3948 1244 4033; x_wconf 90' lang='lat' dir='ltr'>ipsam</span> 
     </span>
     <span class='ocr_line' id='line_1_28' title="bbox 191 4044 1245 4131; baseline 0.006 -22"><span class='ocrx_word' id='word_1_189' title='bbox 191 4045 332 4112; x_wconf 88' lang='lat' dir='ltr'>diversis</span> <span class='ocrx_word' id='word_1_190' title='bbox 354 4046 509 4131; x_wconf 86' lang='lat' dir='ltr'>preciosis</span> <span class='ocrx_word' id='word_1_191' title='bbox 532 4044 740 4110; x_wconf 88' lang='lat' dir='ltr'>diversarum</span> <span class='ocrx_word' id='word_1_192' title='bbox 763 4044 961 4110; x_wconf 83' lang='lat' dir='ltr'>facultatum</span> <span class='ocrx_word' id='word_1_193' title='bbox 977 4046 1070 4112; x_wconf 88' lang='lat' dir='ltr'>libris</span> <span class='ocrx_word' id='word_1_194' title='bbox 1089 4048 1245 4115; x_wconf 90' lang='lat' dir='ltr'>habunde</span> 
     </span>
     <span class='ocr_line' id='line_1_29' title="bbox 192 4145 1245 4233; baseline 0.005 -21"><span class='ocrx_word' id='word_1_195' title='bbox 192 4148 396 4227; x_wconf 79' lang='lat' dir='ltr'>suffulserit3</span> <span class='ocrx_word' id='word_1_196' title='bbox 427 4167 488 4213; x_wconf 91' lang='lat' dir='ltr'>nos</span> <span class='ocrx_word' id='word_1_197' title='bbox 511 4146 605 4212; x_wconf 91' lang='lat' dir='ltr'>Prior</span> <span class='ocrx_word' id='word_1_198' title='bbox 627 4152 662 4211; x_wconf 90' lang='lat' dir='ltr'>et</span> <span class='ocrx_word' id='word_1_199' title='bbox 685 4145 880 4212; x_wconf 78' lang='lat' dir='ltr'>Conventus</span> <span class='ocrx_word' id='word_1_200' title='bbox 903 4147 1064 4233; x_wconf 85' lang='lat' dir='ltr'>praedicti,</span> <span class='ocrx_word' id='word_1_201' title='bbox 1088 4150 1125 4214; x_wconf 92' lang='lat' dir='ltr'>in</span> <span class='ocrx_word' id='word_1_202' title='bbox 1147 4149 1245 4217; x_wconf 89' lang='lat' dir='ltr'>domo</span> 
     </span>
     <span class='ocr_line' id='line_1_30' title="bbox 191 4247 1245 4335; baseline 0.003 -20"><span class='ocrx_word' id='word_1_203' title='bbox 191 4256 308 4316; x_wconf 87' lang='lat' dir='ltr'>nostra</span> <span class='ocrx_word' id='word_1_204' title='bbox 330 4249 507 4335; x_wconf 86' lang='lat' dir='ltr'>capitulari</span> <span class='ocrx_word' id='word_1_205' title='bbox 530 4248 573 4313; x_wconf 88' lang='lat' dir='ltr'>ad</span> <span class='ocrx_word' id='word_1_206' title='bbox 604 4247 666 4313; x_wconf 91' lang='lat' dir='ltr'>hoc</span> <span class='ocrx_word' id='word_1_207' title='bbox 698 4248 902 4334; x_wconf 85' lang='lat' dir='ltr'>congregati,</span> <span class='ocrx_word' id='word_1_208' title='bbox 924 4253 1090 4316; x_wconf 88' lang='lat' dir='ltr'>communi</span> <span class='ocrx_word' id='word_1_209' title='bbox 1121 4252 1245 4319; x_wconf 90' lang='lat' dir='ltr'>delibe-</span> 
     </span>
     <span class='ocr_line' id='line_1_31' title="bbox 193 4348 1246 4439; baseline 0.004 -23"><span class='ocrx_word' id='word_1_210' title='bbox 193 4353 321 4417; x_wconf 89' lang='lat' dir='ltr'>ratione</span> <span class='ocrx_word' id='word_1_211' title='bbox 337 4356 372 4416; x_wconf 90' lang='lat' dir='ltr'>et</span> <span class='ocrx_word' id='word_1_212' title='bbox 388 4354 518 4415; x_wconf 85' lang='lat' dir='ltr'>matura</span> <span class='ocrx_word' id='word_1_213' title='bbox 534 4348 728 4436; x_wconf 77' lang='lat' dir='ltr'>praehabita,</span> <span class='ocrx_word' id='word_1_214' title='bbox 741 4350 968 4429; x_wconf 77' lang='lat' dir='ltr'>concessimus,</span> <span class='ocrx_word' id='word_1_215' title='bbox 984 4357 1018 4415; x_wconf 93' lang='lat' dir='ltr'>et</span> <span class='ocrx_word' id='word_1_216' title='bbox 1033 4357 1148 4419; x_wconf 82' lang='lat' dir='ltr'>tenore</span> <span class='ocrx_word' id='word_1_217' title='bbox 1162 4375 1246 4439; x_wconf 81' lang='lat' dir='ltr'>praa-</span> 
     </span>
     <span class='ocr_line' id='line_1_32' title="bbox 194 4451 1247 4543; baseline 0.003 -24"><span class='ocrx_word' id='word_1_218' title='bbox 194 4454 340 4519; x_wconf 86' lang='lat' dir='ltr'>sentium</span> <span class='ocrx_word' id='word_1_219' title='bbox 364 4451 574 4519; x_wconf 88' lang='lat' dir='ltr'>concedimus</span> <span class='ocrx_word' id='word_1_220' title='bbox 597 4473 657 4537; x_wconf 92' lang='lat' dir='ltr'>per</span> <span class='ocrx_word' id='word_1_221' title='bbox 671 4456 860 4537; x_wconf 86' lang='lat' dir='ltr'>praesentes,</span> <span class='ocrx_word' id='word_1_222' title='bbox 876 4453 964 4538; x_wconf 90' lang='lat' dir='ltr'>quod</span> <span class='ocrx_word' id='word_1_223' title='bbox 987 4456 1155 4539; x_wconf 90' lang='lat' dir='ltr'>quamcito</span> <span class='ocrx_word' id='word_1_224' title='bbox 1171 4462 1247 4543; x_wconf 89' lang='lat' dir='ltr'>post</span> 
     </span>
     <span class='ocr_line' id='line_1_33' title="bbox 193 4553 1247 4642; baseline 0.002 -21"><span class='ocrx_word' id='word_1_225' title='bbox 193 4557 323 4622; x_wconf 90' lang='lat' dir='ltr'>obitum</span> <span class='ocrx_word' id='word_1_226' title='bbox 345 4555 490 4642; x_wconf 84' lang='lat' dir='ltr'>ejusdem</span> <span class='ocrx_word' id='word_1_227' title='bbox 523 4553 627 4641; x_wconf 86' lang='lat' dir='ltr'>patris</span> <span class='ocrx_word' id='word_1_228' title='bbox 660 4574 778 4640; x_wconf 90' lang='lat' dir='ltr'>corpus</span> <span class='ocrx_word' id='word_1_229' title='bbox 799 4553 871 4639; x_wconf 91' lang='lat' dir='ltr'>ejus</span> <span class='ocrx_word' id='word_1_230' title='bbox 893 4559 953 4620; x_wconf 90' lang='lat' dir='ltr'>aut</span> <span class='ocrx_word' id='word_1_231' title='bbox 977 4576 1051 4622; x_wconf 88' lang='lat' dir='ltr'>ossa</span> <span class='ocrx_word' id='word_1_232' title='bbox 1071 4557 1115 4621; x_wconf 85' lang='lat' dir='ltr'>cd</span> <span class='ocrx_word' id='word_1_233' title='bbox 1137 4557 1247 4624; x_wconf 79' lang='lat' dir='ltr'>Eccle-</span> 
     </span>
    </p>
   </div>
   <div class='ocr_carea' id='block_1_8' title="bbox 591 4819 836 4883">
    <p class='ocr_par' dir='ltr' id='par_1_11' title="bbox 591 4819 836 4883">
     <span class='ocr_line' id='line_1_34' title="bbox 591 4819 836 4883; baseline 0.004 -13"><span class='ocrx_word' id='word_1_234' title='bbox 591 4820 599 4855; x_wconf 87' lang='lat'><strong>¹</strong></span> <span class='ocrx_word' id='word_1_235' title='bbox 616 4819 836 4883; x_wconf 64' lang='lat' dir='ltr'>retrocedens.</span> 
     </span>
    </p>
   </div>
   <div class='ocr_carea' id='block_1_9' title="bbox 0 0 1727 5800">
    <p class='ocr_par' dir='ltr' id='par_1_12' title="bbox 0 0 1727 5800">
     <span class='ocr_line' id='line_1_35' title="bbox 0 0 1727 5800; baseline 0 0"><span class='ocrx_word' id='word_1_236' title='bbox 0 0 1727 5800; x_wconf 95' lang='lat' dir='ltr'> </span> 
     </span>
    </p>
   </div>
  </div>
 </body>
</html>
