3350 5800
428 864 494 928 384
642 887 648 901 ·
858 879 1048 930 sennenn.

428 1079 447 1134 J
449 1079 571 1134 ohannis
581 1080 617 1135 de
630 1081 772 1148 Berowik,
783 1081 821 1136 ed
832 1098 885 1136 nos
898 1099 951 1152 pro
963 1080 1066 1136 eodem
1079 1082 1199 1152 negotio
1206 1099 1242 1135 ex
1253 1085 1337 1153 parte
1349 1081 1480 1153 predicti

428 1163 547 1218 Domini
566 1165 658 1218 nostri
687 1164 778 1236 Regis
806 1165 1030 1230 destinatorum,
1048 1163 1118 1219 huic
1144 1165 1254 1237 scripto
1280 1165 1481 1237 cirographum

429 1245 596 1300 alternatim
624 1253 693 1302 sunt
719 1265 855 1318 appensa.
902 1248 1010 1302 Datum
1039 1247 1219 1312 Cantnnriae,
1237 1247 1290 1318 vj²⁰
1309 1249 1357 1304 die
1375 1249 1481 1306 mensis

428 1329 523 1394 Junii,
555 1347 632 1385 anno
663 1329 783 1386 Domini
812 1341 882 1386 1⁰oe
912 1332 1113 1402 nonagesimo,
1142 1333 1229 1402 regni
1267 1350 1337 1388 rem
1366 1333 1482 1404 profati

429 1413 520 1486 Regis
539 1413 677 1470 Edwardi
694 1413 809 1470 deoimo
827 1419 939 1472 octavo.

308 1675 366 1718 Μ
435 1733 439 1742 ,
523 1674 1385 1732 aa-tmmsosmonmonmenmomm

259 1773 374 1932 21:⁸ss
463 1832 566 1890 Pateat
583 1829 728 1888 universis
754 1829 832 1900 qnod
851 1847 904 1885 nos
921 1827 1083 1886 Nioholans
1100 1829 1181 1886 filius
1199 1828 1320 1886 Domini
1337 1831 1479 1887 Jobannis

258 1889 389 1992 vaspail,⁰
427 1917 463 1973 de
482 1915 644 1981 Sandwico,
657 1921 688 1970 et
699 1915 848 1972 Weltorns
865 1914 944 1970 filine
962 1914 1084 1969 Domini
1100 1913 1242 1970 Warresii
1259 1914 1297 1968 de
1308 1914 1477 1986 Valoignes,

258 1989 364 2034 ΨΜ·
427 1999 568 2064 militum,
589 2007 724 2056 tenemur
741 2005 772 2054 et
789 1996 957 2068 obligamur
984 1997 1112 2053 Domino
1137 1996 1269 2052 Heurieo
1294 1996 1401 2064 Priori,
1421 2006 1476 2054 ete.

257 2043 306 2134 ol⁰⁰
320 2083 434 2134 utwoll'
427 2102 458 2138 in
476 2083 575 2139 deoem
594 2080 678 2138 libris
695 2079 916 2151 sterlingorum,
935 2097 988 2150 pro
1006 2077 1143 2151 dampnis
1161 2077 1251 2134 variis
1269 2086 1301 2134 et
1317 2085 1479 2151 transgres-

255 2141 414 2242 312³&ss
425 2165 556 2222 sionibus
574 2167 660 2220 lactis
678 2171 708 2220 et
726 2163 818 2220 illatis
835 2163 932 2219 eidem
949 2162 1073 2218 Priori
1063 2179 1095 2218 ιιι
1113 2180 1201 2234 pareo
1218 2179 1273 2218 suo
1288 2163 1368 2234 apud
1385 2165 1479 2219 West-

257 2241 393 2352 gloffi'ss
427 2250 533 2314 welles,
552 2267 639 2322 super
657 2247 764 2318 quibus
781 2264 836 2319 ego
854 2247 1002 2302 walterus
1019 2246 1205 2318 supradictus
1217 2252 1379 2302 arrestatm
1392 2249 1478 2315 (snm)

258 2343 323 2386 vioer
333 2341 356 2384 in
366 2341 406 2384 the
424 2341 454 2392 et
473 2333 633 2390 indietatns
651 2350 704 2406 per
721 2332 869 2402 quandum
886 2330 1119 2401 inquisitionem,
1138 2335 1255 2400 captam
1272 2349 1366 2402 nuper
1382 2349 1478 2387 eoram

258 2393 391 2490 'uffiffn
425 2419 575 2490 Stephano
593 2417 628 2473 de
647 2415 835 2472 Peneoestna
846 2414 919 2470 otJ
937 2414 974 2470 de
992 2414 1200 2478 Nortbewode,
1220 2415 1400 2470 Justieinriis
1418 2415 1476 2472 Do·

256 2437 497 2586 ffiffiffi‘lep
424 2501 499 2556 mini
517 2501 610 2570 Regia
626 2517 713 2571 snper
731 2498 1015 2568 transgressionibus
1043 2514 1199 2567 paroorum
1224 2505 1257 2553 et
1280 2517 1478 2555 warrenorum

257 2593 325 2686 being
333 2595 412 2644 enisis
425 2586 456 2640 in
474 2585 623 2642 comitatu
641 2582 763 2638 Kanoiae
782 2581 956 2652 assignetis,
976 2581 1029 2645 ite,
1048 2580 1198 2645 videlieet,
1219 2581 1299 2651 quod
1317 2599 1373 2652 ego
1400 2581 1478 2636 Wal-

257 2643 316 2686 ‘⁰¹¹²
317 2655 356 2686 ¹¹¹¹·
424 2675 505 2724 terus
531 2666 688 2738 praedictus
713 2664 835 2720 submisi
863 2683 921 2727 me,
950 2662 987 2718 de
1012 2664 1074 2719 alto
1099 2667 1131 2717 et
1160 2663 1254 2729 besso,
1284 2664 1477 2728 ordinationi,

424 2752 512 2818 dioto,
532 2757 563 2806 et
586 2749 709 2806 arbitrio
726 2747 862 2820 praedioti
880 2747 991 2802 Prioris
1008 2765 1099 2817 super
1116 2746 1251 2817 dampnis
1269 2753 1300 2802 et
1318 2753 1478 2819 bansgres·

422 2835 553 2892 sionibus
565 2833 722 2908 predictis,
736 2849 770 2888 ao
783 2832 884 2887 decem
896 2832 980 2887 libris
992 2830 1169 2903 supradictis
1187 2830 1283 2885 eidem
1299 2833 1412 2887 solvam
1424 2851 1476 2906 pro

424 2920 575 2975 voluntate
587 2935 649 2981 sue,
669 2917 695 2971 si
714 2915 790 2981 illas,
810 2915 858 2969 rel
876 2913 988 2985 aliquid
1008 2914 1087 2978 inde,
1105 2912 1237 2985 recipere
1256 2915 1394 2979 voluerit,
1403 2916 1480 2969 infra

424 3018 554 3057 mensem
573 3018 590 3056 a
608 2999 655 3055 die
674 3004 828 3069 postquem
854 3014 941 3068 snper
967 2998 1023 3051 hoo
1049 2998 1132 3051 luero
1155 2995 1327 3066 requisitus
1373 2996 1479 3068 Obligo

424 3086 513 3141 etiam
532 3102 578 3141 me
596 3090 627 3141 et
654 3084 774 3139 heredes
799 3100 889 3147 meos,
909 3099 962 3153 per
988 3088 1158 3153 presentes,
1185 3082 1222 3137 ed
1248 3082 1479 3137 conservandum

425 3168 599 3239 proedittnm
625 3168 767 3231 Priorem,
797 3164 1006 3227 Seneseallnm,
1025 3170 1056 3219 et
1082 3162 1221 3228 Ballivos,
1240 3170 1271 3218 et
1295 3182 1397 3219 omnes
1423 3164 1478 3219 sibi

425 3253 608 3309 adhaerentes
627 3252 808 3321 indempnes,
829 3251 862 3303 in
879 3249 934 3303 huc
952 3256 1046 3320 parte,
1067 3265 1168 3303 versus
1187 3246 1349 3303 Dominum
1366 3248 1479 3319 Regem

425 3342 456 3393 et
481 3352 679 3407 quoscumque
709 3333 782 3389 elios
810 3349 884 3403 quos
911 3330 1081 3401 hujusmodi
1106 3331 1229 3402 negotia
1263 3337 1401 3402 tangunt,
1432 3332 1480 3387 rel

425 3426 547 3491 tangere
574 3426 713 3491 poterunt
739 3416 770 3471 in
798 3416 942 3471 futurum.
987 3416 1028 3470 Et
1054 3430 1110 3484 ego
1135 3412 1295 3485 praedictus
1319 3412 1481 3469 Nioholaus

424 3504 523 3573 obligo
547 3520 605 3567 me,
624 3508 655 3557 et
679 3500 801 3555 heredes
825 3515 917 3565 meos,
942 3504 973 3553 et
997 3498 1097 3554 omniu
1123 3498 1199 3552 bona
1222 3513 1289 3551 mea
1312 3496 1435 3553 mobilia
1450 3504 1482 3553 et

413 3586 596 3650 immobilia,
616 3582 792 3654 ubicumque
811 3582 923 3637 suerint
941 3581 1070 3646 inventa,
1091 3598 1144 3650 pro
1169 3580 1314 3651 praedicto
1338 3580 1480 3647 Waltsro,

425 3668 463 3725 ad
481 3667 655 3731 faciendum,
675 3664 844 3728 tenendum,
864 3669 896 3719 et
922 3662 1106 3734 implendum
1133 3662 1232 3717 omnia
1257 3669 1289 3718 et
1311 3663 1430 3733 singula
1447 3662 1479 3717 in

425 3756 569 3824 presente
586 3750 696 3821 scripto
721 3750 871 3812 contenta,
890 3747 917 3801 si
942 3746 1083 3817 prelatus
1110 3744 1259 3802 Walterus
1286 3745 1431 3801 defeoerit
1447 3748 1479 3801 in

424 3832 585 3908 praemissis
602 3833 650 3891 vel
668 3831 700 3886 in
718 3829 816 3901 aliquo
834 3829 1064 3901 praemissorum,
1084 3836 1116 3883 et
1143 3829 1181 3884 ud
1206 3829 1262 3883 hoo
1285 3828 1480 3900 principalem

423 3919 586 3975 debitorem
617 3934 664 3972 me
694 3914 842 3971 constituo
872 3930 924 3983 per
954 3918 1124 3982 presentes.
1162 3911 1199 3965 In
1229 3910 1315 3981 cnjus
1340 3912 1395 3977 rei,
1421 3920 1478 3969 eto.

424 4003 535 4058 Datum
553 4000 731 4065 Oantnariae,
749 3995 821 4065 xvj²⁰
840 3996 889 4053 (lie
907 3994 989 4061 Maii,
1016 4012 1094 4051 anno
1120 3994 1213 4065 Regis
1239 3994 1378 4051 Edwardi
1404 3994 1481 4051 vioe·

424 4086 507 4143 simo.

298 4262 377 4317 Um)
655 4269 783 4326 44.-Dn
801 4280 932 4323 renuens
949 4280 984 4320 nr
1000 4278 1135 4321 unumne
1153 4277 1241 4319 virui.

255 4368 276 4413 1'
286 4368 350 4415 177t.
462 4416 694 4479 Memorandnm,
713 4414 791 4484 quod
818 4418 939 4469 eentum
964 4410 1047 4465 libres
1072 4409 1133 4465 albi
1157 4410 1238 4475 vitri,
1267 4428 1321 4481 per
1338 4410 1480 4480 majorem

256 4483 292 4577 31¹¹
290 4495 336 4576 εἴ
337 4482 373 4577 il,
358 4482 403 4533 Μ
426 4510 590 4565 centenam,
610 4500 710 4554 velent
727 4503 794 4553 ooto
812 4496 929 4551 solidos.

257 4583 357 4628 window

253 4634 364 4687 gimpae
462 4612 538 4666 Item
510 4629 557 4665 m:
584 4606 678 4677 major
697 4612 820 4661 centone
837 4602 909 4660 vitri
927 4603 1057 4659 continet
1083 4600 1191 4671 viginti
1221 4607 1349 4671 quatuor
1373 4620 1482 4674 pensas

255 4685 406 4781 ffiuffloelg
532 4691 612 4747 vitri.

256 4765 366 4836 orientii
374 4783 401 4825 ⁰¹
461 4804 552 4857 Item:
573 4796 713 4869 quoslibet
731 4814 819 4867 pensa
837 4795 907 4850 vitri
925 4794 1057 4851 eontinet
1074 4791 1203 4863 quinque
1221 4808 1326 4863 parvas
1345 4791 1447 4849 libna·
