3350 5800
579 880 871 933 consumarem.
1192 865 1254 930 143

176 1060 333 1148 aliquem
373 1065 513 1131 fratrem
546 1070 705 1142 vestrum,
726 1066 771 1132 ad
793 1087 855 1131 nos
878 1086 953 1132 cum
980 1063 1158 1133 sufficienti
1179 1086 1255 1152 pro·

176 1165 356 1232 cnr-aterio
394 1168 609 1243 destinatum,
633 1168 766 1253 exigere
796 1166 980 1245 volueritis,
1002 1172 1037 1233 et
1059 1168 1254 1253 peremnia

178 1272 369 1334 reservata.
434 1268 591 1336 Ceterum
614 1268 774 1354 quicquid
804 1268 841 1333 in
872 1274 987 1336 nostra
1016 1272 1253 1353 estpotestate

179 1370 306 1434 vestris
332 1371 507 1437 desideriis
531 1375 566 1437 et
588 1370 762 1437 affectibus
791 1371 954 1437 noveritis
977 1370 1173 1457 peremnia
1193 1390 1254 1435 nos

180 1475 335 1555 paratos,
360 1478 397 1538 et
419 1474 543 1539 nedum
573 1494 643 1550 nos,
667 1474 769 1538 immo
803 1473 904 1540 etiam
937 1472 1034 1539 nobis
1068 1477 1151 1538 aetas
1181 1491 1253 1536 suc-

180 1591 322 1639 cessura
358 1596 575 1661 quacumque
608 1576 729 1641 vestris
761 1576 980 1663 beneplacitis
1003 1596 1038 1640 se
1057 1574 1148 1660 juste
1171 1573 1255 1639 iate·

183 1672 279 1739 bitur
303 1676 502 1763 obligatam,
526 1677 681 1763 quotiens
716 1678 827 1743 tenaci
861 1681 897 1743 et
930 1675 1097 1741 indelibili
1131 1695 1255 1740 memo·

182 1778 236 1842 ria
268 1780 545 1847 recordabuntur
585 1780 839 1847 affluentissima
874 1784 996 1846 vestrae
1034 1777 1185 1845 caritatis
1222 1783 1256 1843 et

184 1876 420 1948 humanitatis
442 1882 611 1960 beneficia,
634 1888 757 1949 nostrae
791 1882 960 1968 quondam
990 1880 1257 1968 congregationis

184 1979 367 2061 fratribus,
401 1984 468 2051 cito
507 1990 583 2070 post
617 1990 880 2071 tempestuosum
904 1982 1106 2070 martyrium
1140 1981 1256 2048 Sancti

185 2081 344 2164 Thomas,
381 2108 440 2173 pro
472 2087 550 2174 jure
590 2085 843 2154 cantuariensis
878 2085 1043 2163 Ecclesiae,
1072 2085 1164 2170 apud
1196 2104 1256 2149 vos

92 2192 94 2197 '
186 2185 299 2254 exilia
324 2188 542 2273 petientibus,
565 2188 785 2275 perimpensa.
842 2186 889 2253 Et
922 2191 1068 2253 vestram
1102 2206 1254 2252 reveren-

187 2284 268 2353 dam
293 2291 545 2375 paternitatem,
568 2310 637 2356 una
667 2312 743 2357 cum
766 2310 859 2356 sacro
881 2294 917 2355 et
939 2289 1123 2355 venerabili
1145 2294 1256 2354 vestro

188 2394 285 2455 coetu
319 2392 543 2472 conventuali,
565 2392 695 2457 meritis
718 2392 850 2478 gloriosi
881 2391 933 2455 sui
956 2391 1118 2477 Martyris
1140 2390 1256 2457 Sancti

189 2490 343 2573 ihomas,
368 2494 462 2581 cnjus
484 2494 706 2581 patrocinium
729 2498 853 2560 nosuae
883 2493 1089 2560 fraternitati
1120 2514 1254 2559 causam

191 2595 291 2661 dedit
324 2602 359 2663 et
394 2603 514 2676 ortum,
537 2602 710 2665 conservet
741 2617 869 2682 semper
900 2596 937 2660 in
971 2596 1135 2683 prosperis
1166 2596 1256 2661 lilius

191 2696 346 2866 {lii-ginis
369 2699 527 2787 gloriosae.
572 2698 740 2786 Scriptum
757 2698 949 2766 Cantuariae
972 2700 1094 2765 mensis
1110 2698 1257 2785 Augusti

231 2824 364 2869 e--.

223 3108 584 3177 locu-Ocurcsmo
607 3107 776 3175 Oomaou
799 3108 954 3174 chmnr
977 3109 1234 3175 Wurrruorou
1302 3140 1393 3192 Q

532 3211 633 3278 Orvrs
656 3211 928 3277 Lounorunrsrs
1311 3211 1384 3258 1424.

247 3375 434 3456 Univerais,
451 3380 511 3442 etc.
535 3375 705 3441 dohannes
729 3374 823 3441 Prior
846 3374 1001 3441 Ecclesiae
1018 3373 1145 3441 Christi
1168 3375 1255 3442 Gan·
1269 3322 1415 3439 Qut

201 3480 381 3546 tuariensis
415 3484 449 3543 et
482 3479 629 3564 ejusdem
667 3478 730 3544 loci
771 3477 978 3564 Capitulum,
1012 3477 1165 3558 salutem,
1196 3485 1256 3545 etc
1267 3507 1410 3560 rnePrior

202 3582 288 3650 Oum
334 3581 504 3647 dohannes
549 3581 723 3656 Ooventre,
770 3579 942 3645 Johannes
989 3579 1180 3665 Oarpenter,
1222 3577 1428 3695 etffiffffi

188 3683 391 3758 ‚Willelmus
414 3684 531 3762 Grave,
556 3693 747 3749 executores
772 3682 966 3747 testamenti
993 3682 1128 3748 Ricardi
1152 3682 1382 3774 Why-arum,

203 3790 351 3873 tyngton
395 3785 479 3852 civis
525 3791 559 3850 et
604 3785 740 3850 merceri
779 3783 1027 3862 Lendoniensis,
1066 3785 1102 3849 in
1133 3777 1428 3895 h⁰¹¹⁰¹⁶ffifffi⁸h221

205 3887 320 3953 Sancti
353 3885 500 3973 Spiritus
535 3891 569 3950 et
602 3886 716 3950 Beatos
750 3885 902 3972 Virginis
935 3884 1053 3951 Mariae
1090 3887 1257 3972 quoddam
1269 3909 1359 3960 Pater·

206 3989 389 4076 Collegium
422 3994 618 4075 perpetuum
668 3988 709 4054 de
747 3988 895 4073 quinque
933 3987 1129 4075 capellanis,
1168 3984 1375 4104 undefflffi'

205 4111 291 4154 unus
325 4090 391 4154 erit
415 4088 582 4175 Magister,
607 4095 641 4154 et
664 4089 763 4154 certis
785 4087 861 4153 aliis
891 4087 1017 4155 clericis
1039 4095 1074 4155 et
1096 4090 1257 4173 choristis,
1271 4124 1355 4176 agrae,

205 4191 363 4276 obsequia
395 4191 511 4254 divina
541 4190 664 4256 cotidie
698 4190 733 4254 in
756 4189 896 4255 eeclesia
926 4191 1110 4276 parochiali
1141 4193 1259 4261 Sancti
1271 4174 1390 4291 {xiffl

206 4291 377 4358 Michaelis
393 4291 435 4356 de
450 4289 813 4356 Paternostercherche
829 4291 867 4354 in
884 4291 982 4357 Riola
1003 4293 1258 4375 Londoniarum,
1270 4255 1422 4384 ofnieffi

206 4416 280 4480 quae
318 4394 359 4458 de
392 4398 505 4459 nostro
539 4398 718 4479 patronatu
752 4392 878 4471 existit,
913 4415 975 4480 pro
1010 4394 1135 4460 salubri
1167 4403 1259 4462 statu
1271 4373 1412 4489 fflffiff

206 4495 341 4561 Domini
375 4496 482 4561 nostri
515 4493 615 4581 Regis
648 4495 728 4558 dum
752 4494 886 4573 vixerit,
908 4501 942 4559 et
965 4495 1079 4560 anima
1101 4519 1161 4561 sua
1183 4519 1258 4563 cum
1271 4503 1402 4554 uenu-

207 4598 249 4662 ab
271 4597 333 4662 hac
356 4597 430 4662 luce
452 4596 656 4682 migraverit,
672 4616 800 4662 necnon
823 4617 884 4683 pro
906 4597 1083 4662 animabus
1104 4569 1397 4686 praedictiffiffi

207 4697 363 4762 Richardi
387 4703 422 4763 et
452 4697 604 4774 aliorum
626 4717 686 4781 per
707 4697 796 4782 ipsos
819 4702 1011 4762 executores
1043 4698 1258 4765 nominando·
1271 4701 1334 4752 eers’
1347 4701 1424 4753 com

211 4821 285 4864 rum
314 4800 417 4884 juxta
449 4797 691 4864 ordinationem
722 4820 815 4863 suam
839 4774 1414 4898 11111111111ῒ11111611ἰεκεὶθη-ξζῗὲζῖτέζει
