3350 5800
399 846 464 909 256
845 860 978 909 russas:

226 1056 368 1122 sangrum
397 1067 455 1109 nos
479 1050 513 1109 et
536 1044 713 1109 Ecclesiam
745 1050 891 1109 nostram
916 1043 1197 1121 cantuariensem,
1221 1047 1264 1109 ol)
1300 1068 1446 1111 reveren-

226 1111 383 1227 qptsqeplrlqe
397 1149 480 1214 tiam
503 1148 683 1212 beatissimi
702 1148 833 1233 patroni
857 1148 961 1211 nostri
987 1147 1103 1211 Sancti
1127 1147 1264 1212 Thomas
1280 1148 1447 1234 Martyris,

226 1244 375 1359 ffiffllm
397 1257 540 1315 vestram
581 1251 817 1335 paternitatem
857 1251 1168 1315 reverendissimam
1210 1252 1330 1315 habere
1377 1274 1447 1337 per·

226 1346 313 1425 confir
378 1347 575 1439 'speximus
599 1375 657 1439 per
689 1375 785 1436 qnam
812 1353 885 1437 ipsa
916 1353 1011 1416 nobis
1042 1353 1186 1438 benigne
1217 1354 1369 1438 pollicita
1398 1360 1446 1417 est

226 1440 360 1557 ffffiiil
398 1477 433 1518 se
457 1476 556 1540 opera
579 1453 767 1517 onnimoda
790 1460 891 1539 atque
915 1454 1098 1539 diligentia,
1123 1454 1158 1517 in
1181 1455 1326 1539 quadam
1349 1476 1445 1519 causa

228 1574 370 1637 Bianopor
399 1556 521 1620 dictam
546 1555 722 1620 Ecclesiam
748 1562 895 1620 nostram
919 1556 1195 1621 Cantnariensem
1221 1564 1446 1631 concernente,

227 1642 377 1770 3:32ssle
398 1664 481 1743 aput
514 1656 771 1721 illustrissimum
802 1657 983 1720 Dominum
1014 1658 1138 1743 Regem
1163 1658 1322 1733 Franciae‚
1353 1658 1446 1721 adhi-

227 1774 301 1823 form.
398 1760 553 1835 biturarn,
584 1759 665 1823 facit
696 1766 734 1823 ut
764 1760 992 1845 intelligamus
1022 1782 1082 1823 noa
1111 1761 1218 1825 eidem
1250 1760 1446 1846 paternitati

398 1868 517 1926 vestrae
555 1860 836 1925 reverendissimae
882 1861 1064 1948 plurimum
1103 1862 1276 1949 obligatos.
1340 1862 1447 1939 Quare

397 1986 471 2029 enm
496 1985 553 2048 pro
576 1963 797 2027 humanitatis
820 1962 927 2028 officio
943 1985 1141 2049 magnopere
1157 1966 1330 2049 cupiamus
1346 1971 1448 2029 tante

396 2067 636 2132 benevolentiae
653 2072 772 2130 vestrm
787 2068 913 2152 gratias
928 2067 1057 2143 referre,
1073 2068 1274 2153 minimeque
1297 2090 1339 2132 ex
1356 2069 1449 2132 nobis

398 2169 574 2233 habeamus
606 2189 671 2251 quo
703 2168 737 2231 id
765 2169 919 2254 perlicere
946 2170 1028 2233 satis
1052 2169 1169 2234 idonee
1202 2170 1375 2255 possimne,
1399 2176 1447 2233 ta·

397 2294 471 2334 men
495 2294 536 2336 ne
561 2272 696 2334 omnino
722 2271 895 2335 videamur
911 2272 1045 2357 ingrati,
1068 2272 1158 2355 quod
1180 2277 1254 2337 erat
1277 2273 1313 2335 in
1337 2278 1448 2335 nostra

396 2379 560 2457 potestate
583 2372 814 2447 constitutum,
830 2373 986 2455 quodque
1003 2371 1273 2457 intelligebamus
1289 2394 1357 2437 non
1374 2396 1446 2457 par-

398 2498 453 2539 um
488 2498 508 2539 a
547 2481 657 2539 vestra
691 2475 968 2539 reverendissima
1011 2476 1216 2559 paternitate
1258 2476 1446 2551 desiderari,

399 2598 530 2663 prorsus
553 2577 759 2641 decrevimus
782 2576 890 2641 eidem
914 2576 1137 2641 deferendum.
1185 2577 1368 2661 Siquidem,
1384 2601 1448 2643 uno

398 2700 555 2743 consensu
592 2678 698 2742 omnis
737 2678 1005 2763 congregationis
1036 2688 1159 2741 nostrae
1202 2680 1446 2757 monachornm,

398 2779 535 2843 candem
579 2780 815 2863 paternitatem
860 2783 1007 2843 vestram
1054 2780 1362 2845 reverendissimam
1406 2783 1448 2845 ad

399 2882 529 2966 plenam
566 2894 689 2946 nostrae
714 2880 934 2945 fraternitatis
958 2881 1222 2945 communionem
1245 2882 1448 2962 admisimus,

399 2985 657 3070 participemque
689 2983 835 3058 lecimus,
860 2988 919 3048 ete.
952 2990 993 3046 ut
1024 3005 1134 3068 snpra.
1179 2983 1270 3048 Data
1303 2987 1449 3051 secundo

399 3087 451 3150 (lie
478 3085 589 3149 Martii
613 3085 712 3149 Anno
735 3085 872 3148 Domini
897 3099 1136 3148 n⁰ceoc⁰uxx0.

239 3482 298 3534 mm
310 3485 377 3547 Aug,
576 3454 787 3542 loto—[Da
810 3472 925 3519 rasso
952 3473 1067 3520 rasso
1091 3457 1270 3541 narsum]

273 3551 345 3600 1471.

229 3642 362 3692 Mill·
444 3643 619 3719 Noverint,
654 3649 714 3706 ete.
750 3663 810 3705 nos
845 3642 1051 3706 Willelmmn
1087 3643 1301 3728 permissione
1334 3643 1448 3706 divina

228 3733 379 3849 {wolff
400 3746 502 3821 Prior,
527 3752 585 3809 etc.
610 3745 770 3829 recepisse
794 3744 833 3808 de
852 3743 999 3808 Gerardo
1016 3744 1153 3830 Wesyll,
1178 3746 1313 3808 Andrea
1330 3745 1449 3819 Heker,

229 3865 375 3914 clotnhave
399 3853 432 3911 et
464 3847 616 3911 Jolmnne
649 3845 826 3908 Vandorne
865 3845 905 3908 de
939 3843 1087 3909 Civitate
1122 3845 1268 3924 Colonia,
1307 3852 1449 3930 quatuor

229 3931 385 4062 ggephqeized
399 3971 525 4014 marcas
548 3949 792 4034 sterlingorum,
817 3946 852 4008 in
877 3947 1009 4031 plenam
1033 3947 1232 4011 solutionem
1255 3952 1291 4012 et
1313 3954 1449 4012 conten*

229 4073 341 4114 eunome
399 4053 558 4115 tationem
595 4051 740 4112 omnium
775 4054 1000 4112 customarnm
1032 4055 1068 4112 et
1101 4070 1333 4134 expensarum,
1363 4050 1447 4114 cirea

229 4129 376 4246 gqplhqg'riea
399 4153 539 4240 triginta
577 4172 678 4214 unam
712 4150 808 4237 gibos
842 4149 915 4214 sive
951 4149 1088 4236 pakkez
1122 4151 1227 4235 panni
1261 4151 1349 4214 lanei
1387 4151 1449 4214 sub

229 4263 329 4327 posited
398 4255 547 4320 custodia
569 4259 691 4329 nostra,
715 4252 803 4316 infra
834 4253 1019 4335 prioratum
1043 4260 1207 4329 nostrum,
1230 4276 1290 4338 per
1312 4257 1448 4319 manda·

230 4328 346 4444 {3222}ss
403 4363 476 4422 tum
514 4354 649 4419 Domini
682 4353 782 4439 Regis
817 4352 980 4430 detentas,
1003 4358 1037 4417 et
1068 4369 1185 4440 postea
1215 4376 1275 4439 per
1304 4356 1451 4440 ejusdem

228 4460 315 4512 Christ
399 4456 535 4524 Domini
559 4456 659 4542 Regis
693 4455 832 4528 littcras,
857 4455 953 4518 nobis
987 4455 1065 4520 inde
1100 4455 1252 4532 directas,
1274 4457 1449 4533 relaxatas,

228 4527 341 4587 charel,
505 4561 511 4574 .
744 4557 749 4570 .
779 4557 786 4570 .
1369 4561 1376 4574 ,

228 4594 285 4643 who
297 4593 344 4642 has
400 4566 634 4647 expositarum,
659 4579 718 4622 seu
742 4556 865 4620 rlndem
899 4557 1198 4642 expendendarum.
1248 4559 1297 4623 De
1321 4559 1449 4644 quibua,

229 4660 355 4775 ῗξέῑῃνὶθῖἓᾱ
399 4671 459 4728 eto.
494 4663 640 4726 fatemur·
683 4681 742 4723 nos
786 4659 858 4723 fore
893 4659 1026 4736 solutos,
1060 4659 1241 4744 dictosque,
1273 4668 1334 4726 etc.
1372 4663 1450 4726 inde

229 4793 300 4842 three
401 4766 539 4850 quietos,
555 4785 612 4849 per
636 4767 815 4846 praesentes
838 4760 948 4845 sigillo
972 4767 1084 4827 nostro
1107 4761 1275 4847 sigillatas,
1324 4762 1448 4828 Datum
