3350 5800
602 940 791 990 sensnum.
1164 926 1227 994 371

170 1139 202 1194 in
231 1139 421 1212 dispositione
449 1155 646 1196 suceessorum
672 1144 841 1195 nostrorum
866 1139 1171 1211 Archiepiseoporum,
1197 1146 1229 1195 et
1244 1133 1393 1228 teutpertus

170 1223 312 1281 Ecclesia
342 1226 390 1282 oui
420 1223 553 1295 subjecta
582 1231 635 1292 est,
666 1225 746 1280 omni
776 1230 908 1294 tempore
937 1230 1125 1295 permaneat;
1145 1231 1175 1282 et
1193 1232 1228 1281 ιιι
1245 1236 1356 1279 Ριιοηοι

171 1325 321 1404 nnnqpam
349 1309 479 1364 Priorem
510 1308 616 1364 habeat
633 1309 692 1363 nisi
716 1309 892 1364 monachum
919 1309 1082 1380 professum
1101 1309 1227 1365 Cantus·
1244 1286 1327 1330 novor.

169 1391 275 1448 riensis
292 1393 432 1447 Ecclesiae
444 1415 451 1458 ;
471 1398 502 1448 et
519 1398 554 1448 nt
571 1392 677 1448 fratres
695 1391 746 1464 qui
764 1392 843 1464 apud
854 1391 1014 1447 Dovoriem
1027 1392 1227 1447 monachalem

171 1475 334 1546 suscipient
364 1474 498 1530 habitum
531 1493 616 1530 suam
647 1493 761 1548 semper
791 1478 823 1532 in
854 1476 988 1531 Ecclesia
1017 1476 1223 1532 cantuariensi

172 1557 282 1612 facient
306 1557 527 1628 professionem,
546 1562 587 1624 et,
606 1557 684 1613 sient
709 1557 851 1614 Eoolesiae
878 1558 1010 1629 professi,
1029 1557 1224 1613 obedientiam

173 1639 263 1696 Matri
282 1639 486 1697 cantuariensi
511 1640 649 1696 Ecclesite
676 1657 790 1712 semper
814 1657 1023 1713 usquequaque
1050 1641 1224 1706 exhibeant,

171 1729 202 1779 et
219 1729 255 1778 nt
285 1724 387 1779 eedem
417 1723 547 1780 Ecclesia
576 1723 762 1780 Dovoriensis
792 1724 1035 1780 Oantuariensem
1064 1723 1226 1779 Ecclesium

170 1807 255 1878 quasi
274 1812 398 1862 matrem
417 1814 448 1864 et
466 1806 614 1863 dominam
632 1807 663 1862 in
681 1805 816 1862 omnibns
833 1813 1006 1871 veneretur;
1026 1824 1080 1862 neo
1097 1825 1226 1878 unquam

171 1907 190 1945 a
208 1890 386 1961 subjectione
417 1890 498 1946 illins
525 1892 723 1946 subtrahatur.
760 1889 984 1946 Institutionem
1001 1907 1071 1945 vero
1088 1895 1119 1946 et
1136 1889 1226 1945 desti·

172 1973 315 2029 tutionem
330 1973 440 2029 Prioris
453 1974 642 2030 Bononiensis
660 1991 862 2030 suceessorum
879 1979 1057 2039 nostrorum,
1071 1973 1176 2044 quibus
1194 1974 1226 2028 in

173 2055 255 2110 nullo
273 2054 465 2127 praejudicare
484 2057 619 2114 volumus
646 2072 701 2111 nee
720 2055 869 2120 debemus,
888 2072 1074 2111 reservamus
1092 2054 1224 2111 arbitrio.

173 2140 293 2196 Justnm
320 2139 400 2194 enim
426 2146 471 2195 est
489 2140 591 2212 utqui
610 2139 829 2195 (lantuariensis
848 2139 988 2195 Ecclesiae
1005 2144 1103 2195 rector
1119 2144 1150 2194 et
1167 2139 1225 2195 dia-

172 2223 284 2294 positor
313 2229 360 2279 est
388 2224 505 2295 plenam
536 2223 709 2295 disponendi
736 2223 767 2279 in
798 2221 933 2279 omnibus
962 2223 1167 2278 anctoritatem
1194 2222 1226 2276 in

173 2306 392 2372 Bononiensem,
412 2311 462 2379 qni
481 2326 511 2363 se
531 2307 751 2364 centuariensis
770 2307 910 2362 Eleclesiae
931 2306 1023 2362 liliam
1041 2307 1127 2362 debet
1145 2306 1225 2361 exhi-

173 2390 251 2456 bere,
278 2390 418 2446 obtineat.
464 2391 537 2446 Haec
562 2391 662 2462 itaque
688 2391 813 2446 firmiter
840 2391 872 2445 in
897 2408 982 2446 omne
1008 2397 1125 2461 tempus
1153 2406 1227 2461 praa·

173 2474 298 2545 cipimus
316 2473 481 2540 observari;
510 2475 564 2530 snb
582 2475 769 2529 anathemate
788 2473 973 2538 inhibentes,
986 2491 1024 2529 ne
1042 2473 1108 2544 quis
1125 2479 1227 2528 contra

174 2558 229 2612 hoc
257 2559 372 2623 venire,
397 2563 448 2613 aut
474 2558 562 2629 hujus
592 2563 701 2612 nostrae
727 2556 947 2612 constitutionis
973 2557 1064 2613 robur
1088 2573 1227 2612 enervare

174 2642 273 2714 aliquo
292 2642 377 2697 modo
394 2642 543 2706 moliatur,
564 2641 610 2698 vel
627 2643 703 2697 hanc
727 2657 910 2714 quocumque
928 2641 1013 2696 modo
1031 2640 1144 2696 solvere
1161 2641 1227 2696 uni·

172 2727 274 2781 tatem.
312 2725 344 2781 si
372 2725 437 2796 quis
461 2729 559 2780 eutem
585 2725 640 2779 hoe
666 2725 895 2796 attemptaverit,
915 2722 1134 2796 Omnipotentia
1161 2725 1226 2790 Dei,

175 2815 241 2874 ete,
255 2813 286 2863 et
303 2813 434 2863 nostram
453 2806 686 2863 meledictionem
706 2807 844 2862 incurrat.
881 2804 949 2862 Hiis
962 2806 1100 2862 testibus:
1120 2807 1228 2877 Magis·

175 2895 222 2947 tro
257 2891 463 2947 Bartholomeo
500 2891 657 2947 Exoniensi
686 2888 913 2956 Archidieeono,
945 2889 1082 2961 Philippo
1118 2889 1228 2945 North·

176 2976 300 3046 wyeensi
331 2975 557 3039 Archidiacono,
588 2975 733 3045 Magistro
764 2973 900 3029 Johanne
930 2972 967 3029 de
1004 2974 1228 3041 Sards)b(eria),

176 3060 303 3131 Hugone
328 3059 364 3115 de
393 3060 480 3124 (iant,
509 3058 642 3115 Gnidone
669 3057 801 3125 Notario,
821 3058 972 3113 Willclmo
999 3057 1035 3112 de
1063 3058 1228 3126 Northelle,

176 3142 299 3199 Osberto
324 3143 360 3198 de
388 3143 563 3207 Praeteoote,
593 3141 718 3197 Ricardo
744 3140 901 3196 Exonisnsi
928 3140 1084 3207 canonico,
1105 3139 1231 3197 Ricardo

176 3226 292 3283 Medico
328 3226 475 3283 canonico
518 3226 721 3291 Mertoniensi,
759 3224 907 3279 Alveredo
941 3224 1162 3291 Elsmosinario,
1199 3233 1235 3304 et

176 3310 278 3366 multis
295 3308 371 3365 aliis.

177 3566 373 3638 28.-[0snra
401 3568 529 3624 Hnsmcr
559 3568 649 3623 Rsms
679 3568 799 3623 Ananis
831 3566 957 3624 Saeuum
987 3584 1025 3623 ns
1054 3584 1232 3626 munimem
1276 3566 1386 3619 (ΗΜ)

369 3651 549 3707 Monnsrnsn
569 3652 674 3707 sinen
692 3652 823 3707 Manrnu
842 3667 880 3707 nn
897 3652 1053 3722 Domina]
1249 3670 1355 3720 μμ

214 3784 383 3854 H(enrieus)
420 3785 483 3840 Rex
518 3785 647 3857 Anglioe,
686 3790 740 3841 eto.
772 3784 1019 3857 Arohiepiscopis,
1068 3783 1231 3859 Episcopis,
1248 3789 1383 3834 chuterot

178 3869 353 3935 Abbetibus,
384 3873 453 3934 ete,
473 3868 594 3923 Francis
622 3873 653 3924 et
677 3868 793 3938 Anglis,
822 3869 915 3923 totius
940 3867 1068 3940 Angliae,
1097 3870 1230 3926 salntem.
1248 3839 1378 3942 „infigit”

179 3952 286 4009 Sciatis
304 3972 352 4009 me
379 3951 558 4009 concessisse
586 3956 616 4007 et
643 3952 866 4018 confirmasses
858 3970 890 4006 m
914 3952 1102 4007 elemosinam
1122 3958 1152 4008 et
1168 3972 1232 4025 per·
1249 3943 1374 4034 ww

177 4044 298 4109 petuam
325 4036 548 4109 possessionem,
568 4036 639 4101 Dee,
659 4041 689 4091 et
713 4035 852 4091 Ecclesiae
880 4035 991 4093 Christi
1017 4037 1230 4104 Gentueriensi,
1249 4040 1359 4084 uanius

182 4127 210 4176 st
238 4120 466 4191 Archiepiseopo
496 4117 672 4184 Theobeldo,
704 4124 736 4173 et
762 4117 898 4175 omnibus
927 4120 1141 4175 successoribus
1171 4121 1233 4175 suis
1223 4079 1387 4185 ppffinpvsetpry

179 4202 236 4259 sibi
271 4202 410 4259 canonice
456 4200 679 4266 substituendis,
716 4202 879 4257 Ecclesiam
916 4201 1000 4257 Beati
1036 4202 1160 4257 Martini
1196 4203 1233 4259 de
1249 4190 1345 4292 {ffiffm
1332 4190 1404 4283 Apph-

180 4284 317 4352 Dovoria,
337 4302 405 4340 eum
424 4279 562 4340 omnibns
590 4299 656 4353 quse
684 4281 722 4337 ad
749 4299 813 4337 eam
840 4282 1014 4354 pertinent'
1005 4302 1038 4337 m
1055 4290 1136 4339 terra
1153 4286 1210 4340 et
1201 4303 1234 4340 ιιι
1250 4252 1405 4343 omoerbm.

179 4368 266 4433 mari,
293 4384 360 4423 cnm
389 4366 483 4422 veteri
513 4364 627 4422 decima
651 4362 832 4431 alleoiorum,
861 4371 891 4422 et
920 4383 988 4421 oum
1013 4384 1090 4422 nova
1120 4366 1234 4424 decima

180 4450 349 4522 piscationis
367 4448 459 4505 totius
477 4448 557 4514 anni,
576 4464 665 4519 quem
683 4449 850 4515 Burgenses
877 4446 1070 4503 Dovorienses
1089 4448 1234 4505 dederunt

180 4539 211 4589 et
228 4550 317 4605 snper
335 4532 426 4587 altare
451 4530 630 4601 optulerunt,
649 4535 679 4584 et
706 4546 772 4584 enm
799 4530 936 4585 omnibus
961 4530 1145 4600 pertinentiis
1173 4534 1234 4587 suis

179 4635 252 4689 quas
270 4619 302 4672 in
320 4615 458 4688 praesenti
484 4612 634 4685 possident
651 4614 698 4669 vel
725 4611 757 4666 in
775 4613 875 4668 lutnro
897 4614 977 4684 juste
1003 4612 1158 4684 adquirere
1183 4632 1234 4685 po·

181 4706 292 4767 terunt,
313 4718 366 4771 pro
391 4698 486 4755 salute
504 4698 611 4752 animes
639 4712 722 4762 mese,
742 4702 772 4751 et
790 4701 947 4767 parentum
970 4712 1113 4762 meorum,
1132 4702 1163 4751 et
1180 4714 1234 4769 pro

179 4784 349 4839 remissione
374 4786 559 4853 peccatorum
585 4796 725 4842 meorum,
743 4784 774 4833 et
799 4795 854 4850 pro
880 4782 960 4833 statu
985 4782 1016 4832 et
1033 4779 1233 4834 incolumitate

182 4866 268 4936 regni
295 4864 364 4929 mei,
385 4868 415 4919 et
440 4862 587 4933 proecipue
614 4878 668 4931 pro
694 4860 793 4915 anime
820 4860 911 4930 Regis
937 4860 1069 4924 Henrici,
1089 4860 1136 4915 ari
1162 4864 1230 4930 mei,

991 4972 1015 5019 A
1030 4971 1054 5019 a
1077 4960 1097 5021 2
