3350 5800
455 877 520 940 404
880 893 1065 942 massam,

453 1073 620 1144 puniendis,
657 1081 746 1147 prout
776 1076 870 1139 decet,
902 1093 1002 1131 versus
1039 1075 1151 1130 dictum
1182 1074 1319 1130 Castrum
1350 1071 1507 1143 dirigimus

452 1172 567 1226 gressus
580 1162 703 1213 nostras.
741 1157 844 1212 Facias
863 1156 953 1212 etism
973 1157 1005 1211 iu
1022 1156 1094 1211 locis
1114 1157 1265 1228 predictis
1282 1155 1423 1212 similiter
1439 1153 1507 1225 pub

453 1240 546 1304 licari,
569 1247 600 1295 et
620 1259 655 1296 ex
680 1247 762 1313 parte
782 1249 885 1297 nostia
905 1241 1029 1295 firmiter
1048 1241 1184 1306 inhiberi,
1199 1259 1238 1294 ne
1261 1239 1407 1311 quissub
1426 1237 1507 1291 soris·

453 1323 568 1378 factura
579 1324 711 1378 omnium
724 1343 790 1394 quin
803 1325 887 1380 nobis
904 1325 1070 1379 soriniacam
1082 1324 1200 1395 poterit,
1216 1324 1248 1377 in
1265 1323 1418 1377 laesionem
1430 1321 1507 1392 pacis

454 1413 561 1462 nosmet
587 1415 638 1462 aut
661 1415 805 1463 terrorem
831 1426 883 1462 sea
913 1408 1138 1462 commotionem
1168 1408 1270 1478 populi
1301 1407 1387 1475 regni
1416 1403 1505 1458 nocui

453 1489 609 1560 quicquam
621 1495 797 1562 attemptare
804 1501 961 1562 prasumat
973 1489 1188 1559 quoquomodo,
1199 1487 1266 1543 sad'
1280 1487 1360 1558 quod
1371 1485 1505 1556 quilibet,

455 1568 664 1641 cujuscumque
684 1576 776 1628 status
799 1569 916 1635 existat,
937 1589 989 1642 pro
1010 1572 1232 1626 conservatione
1251 1569 1331 1640 pacis
1353 1574 1461 1622 noemae
1473 1583 1505 1620 sc

454 1655 666 1722 tranquillitate
678 1660 708 1709 et
720 1653 818 1724 quiete
830 1657 914 1725 regni
927 1661 958 1708 et
968 1655 1069 1726 populi
1080 1653 1299 1725 praedictorum,
1313 1667 1430 1704 omnem
1442 1649 1505 1703 dili·

454 1737 584 1805 gentiam
603 1755 692 1808 quam
711 1739 820 1810 poterit
838 1745 976 1811 apponat,
990 1746 1022 1792 et
1045 1737 1162 1793 easdem
1174 1753 1277 1806 pacem
1290 1743 1321 1789 et
1340 1731 1506 1802 tranquilli·

454 1826 544 1874 tatem
556 1839 609 1892 pro
621 1822 732 1878 viribus
744 1829 936 1878 manuteneat
954 1829 984 1877 et
996 1828 1155 1877 conservet.
1193 1820 1279 1874 rl'este
1301 1819 1413 1887 meipso
1429 1815 1506 1887 apud

453 1901 570 1958 'l'srrim
599 1905 842 1970 bondoniensem,
862 1903 935 1973 xvij⁰
963 1905 1011 1959 die
1035 1903 1178 1965 Octobris,
1199 1919 1278 1955 anno
1304 1900 1388 1969 regni
1415 1899 1503 1954 nostri

454 1993 532 2040 svm.

332 2153 390 2194 Μ,
453 2122 495 2176 64.
507 2121 711 2178 -Coinnssio
730 2123 749 2178 J
752 2138 973 2178 usricssmoanu
992 2137 1029 2175 sn
1055 2133 1226 2174 sanissimis
1244 2131 1504 2171 massmannus

283 2240 348 2284 10³7,
354 2253 376 2284 a.
559 2219 701 2269 Qumssss
709 2220 742 2259 sn
750 2217 1004 2260 reinsumimus
1017 2204 1128 2257 Dorias
1142 2202 1175 2254 B.
1190 2216 1227 2252 os
1246 2200 1453 2252 Bsnenmisass
1470 2212 1503 2250 ur

559 2302 614 2342 sisi
633 2301 845 2343 consumma
863 2303 917 2341 rao
935 2300 1107 2340 smssrioss
1135 2283 1240 2338 Casini
1269 2297 1304 2334 ns
1330 2280 1502 2334 'l'osnsnuco

559 2386 592 2426 m
610 2386 646 2425 ns
664 2371 758 2426 Lanss
775 2387 884 2426 cosmi
902 2384 1086 2424 voannrmsis
1104 2367 1203 2421 Reuss.

765 2484 809 2539 lls
828 2483 938 2540 Cssrno
956 2498 992 2536 ns
1009 2481 1194 2536 Tosssnuao.

279 2600 402 2654 osanna
488 2593 549 2648 Rex
574 2592 689 2649 dilectis
714 2604 743 2648 et
768 2594 901 2648 fidelibus
920 2593 982 2647 suis
1004 2594 1187 2649 Galfridode
1201 2597 1269 2668 Say,
1291 2597 1445 2654 lldmundo
1468 2596 1503 2649 de

279 2655 425 2745 migma
451 2676 577 2740 Passala,
598 2677 749 2733 Willelmo
770 2678 807 2733 do
831 2677 905 2742 Dan,
928 2686 959 2731 st
977 2678 1108 2732 Haurico
1132 2679 1169 2732 de
1188 2679 1346 2747 Cobeham,
1369 2682 1503 2738 salntem.

279 2751 426 2854 ffitgfffl
452 2759 557 2816 Sciatis
577 2761 656 2831 quod
677 2761 891 2832 assignavimus
910 2779 961 2815 vos
986 2769 1016 2816 et
1041 2762 1112 2816 duos
1137 2770 1277 2828 vestrum,
1303 2783 1428 2835 quorum
1454 2781 1504 2817 eos

279 2851 402 2905 oentrytc
450 2844 573 2914 prefate
593 2845 746 2901 llldmunda
767 2861 861 2900 unum
881 2861 943 2900 esse
961 2846 1106 2909 volumus,
1123 2845 1142 2900 J
1144 2846 1309 2903 usticiarios
1328 2856 1454 2911 nostros,
1467 2847 1503 2902 ad

276 2901 423 2999 ffifflssb
450 2929 666 2999 inquirendum,
682 2947 733 3000 per
745 2933 959 2984 sacramentnm
977 2930 1135 2999 proborum
1148 2936 1179 2984 et
1197 2931 1336 3002 legalium
1350 2933 1502 2987 hominnm

277 3004 432 3099 fflffinw
450 3012 485 3066 da
504 3012 651 3069 Comitatu
666 3013 786 3067 Kancioe
806 3030 858 3083 per
875 3029 948 3081 quos
965 3013 1009 3066 rai
1028 3014 1137 3067 veritas
1158 3015 1264 3069 melius
1291 3017 1360 3071 sciri
1384 3014 1501 3087 poterit,

275 3066 428 3149 οίΒιδἻΓ
449 3096 484 3149 de
508 3098 675 3151 nominibus
706 3096 928 3150 malefactorum
955 3103 986 3149 et
1014 3096 1095 3166 pacis
1118 3103 1227 3153 nostras
1251 3101 1500 3169 perturbatorum,

276 3155 412 3249 wilffi-
448 3178 509 3249 qui,
524 3179 560 3233 de
572 3184 718 3251 praeopto
733 3178 930 3233 Bartholomei
943 3177 980 3232 de
1000 3179 1213 3245 Badolesmere,
1228 3180 1260 3234 in
1280 3181 1383 3236 Castro
1402 3186 1502 3235 nostro

275 3256 410 3357 ‘faigm‘
447 3261 484 3316 ds
508 3262 685 3332 Tonebrugg
707 3280 802 3333 nuper
826 3278 857 3315 se
880 3266 1021 3323 tenentos,
1045 3263 1211 3331 ingressum
1241 3262 1374 3331 ejsudem
1405 3264 1501 3319 Castri

276 3354 361 3399 ornile
447 3346 531 3399 nobis
544 3350 574 3401 et
586 3344 729 3399 ministris
741 3345 860 3407 nostris,
875 3362 926 3415 per
937 3344 1052 3398 litteras
1063 3350 1176 3400 nostras
1195 3354 1328 3417 patentes
1340 3348 1377 3401 ad
1389 3347 1500 3403 dictum

448 3428 583 3483 Castrum
597 3427 634 3483 ad
653 3445 726 3499 opus
739 3436 873 3482 nostrum
892 3426 1092 3497 recipiendum
1112 3435 1142 3483 et
1159 3430 1383 3484 custodiendum
1395 3430 1501 3491 missis,

448 3517 603 3582 negarunt,
630 3516 660 3565 et
689 3512 841 3565 ministros
870 3516 985 3565 nostros
1016 3510 1171 3579 predictos
1201 3515 1359 3582 quominus
1387 3512 1498 3567 dictum

450 3594 585 3650 Castrum
600 3594 715 3663 ingredi
726 3600 885 3666 potnerunt
898 3595 928 3646 vi
946 3603 1059 3649 minata
1071 3593 1286 3665 impediverunt,
1302 3595 1377 3667 ipsos
1391 3596 1498 3648 ibidem

449 3677 599 3731 hostiliter
619 3676 808 3742 debellando;
829 3682 859 3731 et
878 3677 967 3731 etiam
981 3677 1032 3747 qui
1052 3680 1295 3748 congregationes
1306 3686 1336 3733 et
1353 3678 1497 3733 conventi-

446 3761 513 3815 cula
534 3760 639 3815 illicita
659 3763 689 3814 in
711 3760 834 3814 diversis
854 3760 925 3814 locis
947 3758 1110 3814 Comitatus
1131 3761 1275 3831 praedisci,
1301 3779 1413 3816 necnon
1436 3760 1499 3815 alli-

447 3842 579 3914 gationes
602 3849 633 3898 ct
652 3842 914 3907 confederationes,
935 3860 987 3914 per
1012 3850 1228 3899 sacramentum
1253 3846 1301 3899 vel
1320 3846 1387 3899 aliis
1407 3844 1498 3899 modis

446 3926 642 3991 adinvicem,
667 3932 770 3981 oontm
794 3924 997 3981 inhibitionem
1023 3934 1163 3991 nostram,
1190 3928 1331 3993 iecerunt,
1355 3930 1386 3983 iu
1406 3934 1496 3981 stat-us

446 4010 540 4065 nostri
566 4010 783 4065 subversionem
802 4016 832 4064 et
851 4010 941 4081 regiis
963 4008 1120 4079 dignitatis
1139 4017 1246 4065 nostrae
1268 4010 1495 4065 exheredatiouis

446 4092 607 4163 periculum
621 4094 827 4157 manifestum
848 4109 961 4148 necnon
974 4090 1028 4161 qui
1045 4094 1292 4165 transgressiones
1308 4095 1356 4148 vel
1374 4094 1495 4165 dampna

311 4360 390 4407 isos.
445 4340 667 4396 os--Jmicmn
687 4354 836 4395 rsonsmn
855 4355 963 4394 cossas
982 4340 1021 4395 H.
1041 4340 1200 4395 Dsssssssa
1217 4354 1317 4394 minu
1330 4340 1368 4394 H.
1383 4339 1495 4395 Corma

323 4415 381 4456 ¹³²⁰·
570 4424 735 4479 Wrsuosns
762 4438 836 4478 arun
862 4423 1078 4479 Hmssonmsss
1103 4438 1134 4478 ni
1163 4439 1242 4477 rasso
1260 4423 1383 4478 Osinius
1411 4424 1494 4479 Sasc-

273 4512 292 4557 1.
301 4516 346 4557 ⁴1⁴
568 4523 663 4563 mann
682 4522 757 4562 ssno
777 4507 888 4562 Domni
907 4509 1090 4561 mosomum.

271 4646 421 4691 snwlllam
481 4615 590 4685 Hughs
615 4615 642 4669 le
668 4615 843 4686 Desponser,
857 4632 894 4669 eu
920 4616 1084 4686 parlameut
1108 4620 1207 4669 nostre
1232 4612 1361 4685 Ssignur
1385 4615 1412 4670 le
1435 4614 1496 4685 Boy

273 4696 385 4741 ml·
446 4698 570 4755 lldward
589 4697 625 4752 de
645 4696 813 4753 Carnervan
832 4714 867 4769 qe
887 4715 937 4752 ors
955 4702 1010 4763 est,
1030 4704 1101 4753 tenu
1118 4713 1137 4751 a
1148 4696 1374 4761 Westmoustre,
1395 4698 1444 4752 lan
1461 4696 1496 4751 de

889 4831 897 4863 ¹
913 4847 968 4891 ses,
980 4830 1040 4883 MS.

1634 1136 1635 1149 l

1634 1276 1636 1301 l
