3350 5800
418 865 483 928 130
864 879 995 929 crumas

416 1061 610 1148 Capitulum
644 1063 800 1130 Eeclesiae
833 1071 956 1132 nostres
986 1066 1153 1152 praedictas
1184 1066 1330 1154 plenarie
1363 1070 1400 1130 et
1428 1064 1468 1128 in

416 1165 556 1230 solidum
579 1166 732 1232 volumus
755 1168 928 1254 pertinere.
974 1169 1019 1235 Et
1048 1169 1077 1235 si
1100 1169 1195 1236 Prior
1216 1176 1252 1236 et
1272 1168 1468 1256 Capitulum

415 1267 568 1354 praedicti
590 1289 650 1354 per
680 1269 782 1333 aliurn
816 1291 963 1335 mensem
994 1271 1030 1334 in
1052 1271 1265 1357 praefeotione
1287 1291 1346 1336 seu
1367 1268 1469 1335 colla-

415 1370 507 1434 tione
529 1371 751 1436 cantariamm
775 1373 1010 1458 praedictarum
1042 1394 1101 1438 scu
1123 1371 1293 1459 ipsarum¹
1315 1371 1466 1448 alterius,

415 1491 491 1536 cum
530 1472 726 1537 vacaverint
770 1494 829 1538 seu
874 1474 1053 1553 vacaverit,
1092 1472 1178 1539 Sede
1232 1470 1468 1540 cantuariensi

416 1577 564 1650 vacante,
596 1574 834 1661 negligentiam
868 1575 1015 1653 fecerint,
1047 1581 1129 1642 tunc
1159 1576 1337 1641 statuimus
1359 1580 1394 1640 et
1414 1595 1468 1639 or·

415 1675 570 1740 dinamus
592 1676 682 1762 quod
695 1676 865 1762 praefectio
879 1684 915 1743 et
936 1677 1069 1744 collatio
1097 1678 1289 1763 hujusmodi
1309 1677 1467 1742 eantariae

415 1783 451 1842 et
477 1799 590 1842 earum
614 1779 799 1864 utriusque,
815 1781 845 1844 si
869 1782 1064 1847 vacaverint
1078 1802 1137 1846 seu
1152 1782 1329 1858 vacaverit,
1345 1779 1465 1846 dilecto

415 1881 451 1943 in
475 1879 608 1946 Christo
630 1880 699 1945 fflio
714 1881 957 1948 Archidiacono
979 1881 1211 1948 Oantuarieusi
1233 1903 1295 1968 pro
1316 1887 1465 1968 tempore

416 1983 575 2048 existenti
590 1981 650 2048 illa
665 1983 737 2049 vice
753 1984 888 2069 penitus
903 1992 940 2049 et
954 1985 1090 2050 omnino
1106 1985 1326 2061 devolvatur3
1350 1984 1398 2050 ita
1413 1988 1466 2050 ta·

415 2109 492 2154 men
515 2089 605 2175 quod
627 2089 715 2154 idem
741 2089 1006 2156 Archidiaeonus
1031 2092 1089 2176 qui
1112 2112 1173 2177 pro
1194 2097 1343 2179 tempore
1364 2091 1465 2157 fuerit

415 2191 607 2278 hujusmodi
629 2193 805 2270 nantarius,
828 2194 857 2257 si
879 2194 996 2271 ambae,
1019 2200 1054 2259 et
1085 2194 1224 2260 alteram
1246 2196 1275 2258 si
1297 2214 1366 2258 una
1386 2197 1463 2258 tan-

415 2300 489 2358 tum
513 2293 690 2370 vacaverit,
707 2315 764 2358 seu
787 2295 992 2372 vacaverint,
1008 2297 1133 2361 totiens
1150 2297 1305 2381 quotiens
1319 2296 1467 2361 conferre

416 2394 543 2472 debeat,
567 2394 828 2481 Capellanosque
864 2397 1020 2462 honestos
1052 2402 1087 2462 et
1120 2397 1255 2462 idoneos
1286 2397 1322 2461 in
1354 2404 1388 2462 et
1421 2397 1465 2462 ad

416 2496 545 2562 easdem
577 2497 751 2563 instituere
783 2504 818 2562 et
852 2499 1035 2583 praefioere3
1056 2520 1117 2584 per
1139 2497 1287 2563 Priorem
1310 2505 1345 2564 et
1366 2498 1467 2584 Gepi-

415 2597 525 2662 tulum
562 2605 713 2662 nostrum
748 2597 1032 2676 Cantuariensem,
1071 2599 1295 2685 Suppriorem,
1328 2599 1391 2679 vel,
1423 2603 1465 2664 nt

415 2701 640 2786 praemittitur,
675 2701 822 2787 ejusdem
858 2700 1007 2787 Capituli
1041 2703 1282 2787 praesidentem,
1303 2701 1340 2765 in
1374 2702 1464 2766 omni

416 2802 597 2880 vacatione,
615 2807 654 2867 ut
671 2802 707 2866 in
729 2802 793 2868 hoc
816 2823 895 2868 casu
910 2802 1085 2880 duntaxat,
1102 2804 1311 2869 inducendos.
1356 2801 1466 2870 Item:

413 2905 576 2983 volumus,
599 2904 787 2983 statuimus,
810 2911 845 2971 et
867 2906 1058 2972 ordinamus
1080 2928 1139 2992 per
1168 2912 1354 2993 praeseutes,
1376 2906 1464 2991 quod

414 3006 583 3093 Oapellani
620 3008 726 3073 nostri
760 3008 912 3093 praedicti
943 3028 1003 3093 per
1023 3029 1085 3074 nos
1107 3009 1144 3072 in
1165 3008 1356 3092 hujusmodi
1388 3029 1465 3074 cau·

413 3110 500 3175 laria
533 3109 694 3187 instituti,
717 3107 833 3175 etalii
867 3110 904 3174 in
939 3114 1107 3196 posterum
1129 3110 1166 3174 in
1189 3111 1285 3175 etad
1318 3109 1466 3187 eandem,

413 3216 447 3275 et
471 3215 646 3295 utramque
677 3211 868 3292 earundem,
891 3212 1093 3277 instituendi
1116 3217 1151 3278 et
1173 3211 1372 3299 praeficiendi
1395 3211 1465 3277 sint

414 3316 584 3395 seculares,
606 3336 674 3395 non
706 3316 861 3403 religiosi,
883 3338 944 3383 nec
965 3317 1035 3384 ullo
1065 3318 1162 3383 modo
1195 3317 1380 3384 beneficiati
1403 3317 1466 3382 ali-

413 3418 510 3495 unde,
530 3419 588 3503 qui
611 3418 647 3482 in
670 3440 730 3484 sua
748 3417 914 3503 jurabunt
936 3418 1137 3497 inductione,
1160 3420 1258 3485 tactis
1280 3440 1467 3486 sacrosanc-

412 3520 457 3584 tis
494 3519 684 3606 evangeliis,
731 3521 923 3587 canonicam
969 3521 1179 3586 obedientem
1221 3521 1465 3613 suecessoribus

413 3621 535 3687 nostris
557 3622 708 3687 omnibus
732 3629 767 3687 et
788 3622 937 3709 singulis,
954 3622 1060 3688 Priori
1082 3629 1116 3687 et
1132 3622 1287 3709 Capitulo
1310 3624 1465 3690 Ecclesiae

413 3729 536 3789 nostrae
559 3724 727 3811 praedictse
750 3728 784 3789 et
807 3725 877 3789 suis
899 3724 1138 3789 successoribus
1160 3726 1403 3812 inperpetuum,
1425 3747 1465 3791 ac

414 3825 502 3910 quod
524 3831 720 3911 praesentem
743 3830 892 3891 nostram
909 3826 1152 3892 ordinationem
1174 3828 1258 3894 bene
1273 3833 1308 3894 et
1322 3828 1466 3893 fideliter

414 3926 645 4005 observabunt,
670 3928 773 3993 etsie
803 3929 994 3993 observabit
1025 3934 1166 4014 uterque
1195 3931 1382 4008 eorundem,
1405 3952 1465 4016 ap·

413 4028 648 4117 pellationibus
671 4035 705 4095 et
727 4030 801 4095 aliis
819 4029 906 4116 juris
929 4032 1078 4097 canonici
1111 4052 1170 4096 seu
1204 4032 1288 4119 regii
1309 4032 1465 4097 remediis

414 4132 617 4198 cessantibus
655 4131 924 4218 quibuscumque.
970 4133 1081 4198 Item:
1105 4132 1276 4213 Quantum
1308 4135 1353 4201 ad
1374 4156 1465 4200 sum:

413 4254 484 4299 mas
523 4234 634 4297 decem
672 4234 833 4299 librarum
872 4233 1002 4299 duobus
1041 4234 1228 4321 Capellanis
1265 4237 1386 4301 nostris
1427 4238 1466 4301 in

414 4335 558 4399 oratorio
583 4334 737 4401 Ecclesiae
761 4340 885 4401 nostrae
902 4336 1152 4403 cantuariensis
1167 4342 1203 4403 et
1225 4337 1464 4404 successoribus

414 4436 492 4515 suis,
516 4457 554 4501 ao
577 4434 689 4501 decem
713 4458 896 4503 marcarum
930 4438 1105 4503 annuatim
1139 4438 1317 4525 Capellano
1350 4444 1465 4504 nostro

414 4538 451 4603 in
474 4538 611 4604 ecclesia
633 4538 674 4603 de
698 4538 913 4624 Maydyston‚
937 4546 977 4604 ut
1000 4540 1219 4626 praemittitur
1240 4541 1467 4617 celebraturis,

841 4788 848 4819 ¹
861 4788 950 4853 ipsius,
962 4790 1020 4840 MS.
