3350 5800
557 816 851 873 onsronmnmss.
1164 808 1228 873 155

168 1003 299 1073 levavit
334 1012 373 1075 et
407 1007 556 1095 percepit
586 1012 621 1075 ct
651 1006 782 1075 eusdem
817 1008 1001 1095 occupevit,
1032 1008 1074 1073 de
1108 1006 1229 1093 quibus

167 1106 315 1175 Domino
353 1111 442 1197 Regi
480 1132 695 1198 responsurus
729 1116 787 1187 est,
820 1110 907 1177 sieut
944 1110 981 1175 in
1013 1110 1229 1195 inquisitione

167 1210 340 1295 praedicte,
392 1234 468 1299 qpae
506 1214 594 1278 inter
641 1218 794 1279 extentes
843 1218 879 1277 et
926 1212 1157 1297 inquisitiones
1187 1213 1229 1275 de

168 1332 256 1376 enno
279 1314 381 1399 mgni
405 1313 487 1379 dicti
512 1314 612 1399 Regis
634 1314 689 1379 avi
713 1314 840 1379 decimo
870 1314 1002 1400 plenius
1028 1315 1228 1380 continetur.

169 1412 464 1501 Postmodumque
488 1415 667 1495 Johennes,
683 1438 772 1483 nune
796 1415 890 1481 Prior
905 1414 1038 1481 Senetae
1054 1416 1231 1480 Trinitatis

170 1514 369 1583 Cuntuerisc
393 1518 569 1605 predicte,
594 1518 688 1583 venit
711 1518 765 1583 hic
789 1540 898 1584 comm
922 1518 1108 1583 Beronibus
1130 1517 1231 1601 hujus

170 1616 347 1695 Successit,
373 1620 547 1685 undecimo
579 1620 633 1685 die
657 1620 738 1683 Meii
762 1619 823 1685 hoe
847 1620 998 1696 termine,
1023 1641 1082 1705 per
1105 1618 1230 1683 Willel·

171 1740 262 1783 mum
288 1720 431 1807 Ohevyr
464 1727 670 1787 ottomatum
702 1743 809 1798 suum,
832 1727 868 1787 et
897 1722 1100 1786 monstravit
1122 1720 1233 1787 001100

172 1820 225 1887 hie
249 1824 347 1908 quod
370 1822 579 1889 satisfactum
603 1829 654 1888 est
670 1824 813 1889 Domino
837 1824 921 1909 Regi
943 1823 985 1887 de
1008 1823 1136 1888 duabus
1159 1844 1234 1908 por·

171 1922 263 1987 tibus
297 1946 425 1991 annuae
459 1926 627 2012 pensionis
676 1924 852 2011 praedictae‚
890 1945 911 1990 0
948 1924 1108 2010 praedicto
1145 1924 1233 1989 festo

171 2023 290 2090 Sancti
351 2026 516 2091 iohannis
571 2026 734 2112 Bcptistse
793 2048 897 2111 usque
944 2027 1099 2111 quintum
1145 2028 1232 2091 diem

170 2126 333 2193 Jenusrii
357 2150 445 2193 suno
469 2130 562 2214 regni
585 2128 688 2215 Regis
711 2150 800 2193 nunc
815 2130 933 2215 prime,
950 2129 1036 2195 sieut
1059 2130 1096 2194 in
1111 2151 1231 2216 magno

172 2230 285 2295 rotulo
310 2231 354 2296 (10
386 2252 474 2297 enno
497 2232 592 2317 regni
625 2232 727 2317 Regis
759 2254 849 2296 nune
873 2233 973 2297 tertio
1004 2232 1134 2317 plenius
1156 2254 1233 2297 eon·
1350 2246 1357 2259 ·

173 2332 314 2399 tinctor.
378 2334 423 2398 Et
457 2335 545 2419 quod
576 2334 686 2399 dietus
718 2334 884 2399 Dominus
918 2335 991 2399 Rex
1023 2356 1120 2411 nnnc,
1143 2336 1233 2399 (11010

175 2435 297 2521 quinto
322 2436 375 2501 die
399 2435 552 2500 Jonuerii
575 2456 663 2501 anno
694 2436 802 2522 primo
825 2437 992 2522 praedieto,
1015 2458 1074 2522 por
1104 2438 1234 2502 litteras

174 2558 252 2602 suas
277 2542 442 2625 petentes,
466 2538 571 2604 foetos
594 2538 682 2623 apud
699 2538 1033 2603 Westmonosterium
1056 2540 1118 2603 sub
1141 2540 1235 2604 testi·

176 2640 292 2705 monio
332 2662 393 2705 suo
431 2640 576 2727 proprio,
624 2640 665 2704 de
703 2640 813 2727 gretie
844 2662 904 2703 sus
942 2641 1084 2725 speciali,
1122 2647 1156 2706 01
1193 2642 1234 2705 (10

175 2743 387 2807 avisamento
425 2746 460 2807 et
497 2763 632 2807 assensu
671 2742 782 2827 magni
815 2742 943 2809 consilii
980 2743 1042 2820 sui,
1075 2744 1236 2809 concessit

175 2845 348 2930 predictis
370 2844 518 2910 Johsnni
541 2842 646 2910 Priori
670 2850 705 2910 et
721 2843 911 2912 conventui
926 2844 1054 2911 Domus
1071 2845 1235 2931 prsedictae

176 2951 253 3034 (per
285 2949 352 3013 1010
385 2969 523 3014 nomen:
557 2945 689 3012 dilectis
730 2945 797 3014 sibi
828 2947 872 3012 c'n
912 2947 1046 3014 01111010
1077 2946 1236 3012 «10110001

178 3049 307 3116 Pm'ori
330 3047 484 3114 Ecclesioe
513 3047 643 3114 0101011
672 3048 938 3116 Contooriensis
953 3056 982 3114 et
997 3048 1147 3133 ajonem
1169 3047 1237 3114 1001

185 3151 396 3235 conventui)
419 3152 507 3237 quod
530 3152 604 3237 ipsi,
628 3173 685 3237 pro
709 3151 850 3216 tennino
872 3153 954 3217 vitae
975 3152 1080 3236 ipsius
1103 3153 1235 3228 Prioris,

181 3255 352 3340 quendem
383 3254 574 3340 pensionem
604 3275 760 3333 annuam,
793 3254 865 3320 sive
895 3254 1061 3338 quendum
1091 3276 1237 3321 annuam

181 3357 362 3432 redditum,
394 3354 566 3420 tresdecim
599 3375 783 3420 morcarum
814 3376 927 3438 quom,
950 3355 1004 3420 vol
1035 3377 1141 3440 quem,
1172 3355 1237 3440 ipsi

182 3459 225 3523 (10
251 3458 385 3523 Abbete
420 3457 471 3545 [et
503 3454 693 3539 Conventu]
733 3456 774 3520 de
809 3455 988 3541 Tynterne,
1019 3456 1102 3522 odies
1140 3457 1238 3522 dietis

183 3563 317 3627 Abbetc
356 3563 390 3624 ot
424 3557 600 3624 Conventu
632 3557 672 3621 de
706 3557 804 3636 Veto,
838 3557 875 3620 in
910 3557 1072 3622 Hibernis
1108 3559 1173 3623 sibi
1204 3565 1239 3624 et

184 3661 427 3730 suecessoribus
446 3660 515 3726 suis
531 3659 785 3745 perecpiendum
810 3658 972 3735 obtinent,
989 3681 1049 3744 per
1067 3659 1239 3726 officiarios

185 3787 269 3843 suos,
294 3769 356 3829 ete.
380 3761 522 3847 recipere
552 3760 711 3836 valerent,
734 3767 795 3826 ete.
820 3761 945 3845 absque
967 3761 1079 3846 sliquo
1102 3763 1241 3849 impedi·

186 3872 307 3943 mento,
323 3869 383 3929 ete
431 3862 476 3927 Et
491 3861 669 3948 praedictus
684 3881 774 3926 nuno
789 3860 892 3936 Prior,
908 3882 966 3946 per
988 3861 1115 3927 dictum
1137 3871 1240 3929 attor·

188 3975 304 4036 nstnm
321 3985 427 4042 snum,
449 3965 532 4030 dicit
555 3962 643 4047 quod
667 3962 765 4028 dictes
789 3963 963 4028 tresdecim
978 3983 1096 4030 merom
1119 3985 1240 4032 000000

188 4069 355 4158 pensionis
371 4071 536 4132 eontentae
552 4065 588 4128 in
603 4065 695 4129 dicte
710 4064 926 4148 inquisitione
941 4070 1021 4130 sunt
1035 4065 1150 4130 eadem
1160 4088 1239 4153 pen-

187 4175 234 4238 sio
249 4173 321 4237 sive
345 4190 474 4234 annuus
497 4165 646 4233 redditus
669 4166 956 4232 00010010010100
980 4167 1086 4232 dictes
1108 4169 1241 4236 littores

189 4281 361 4364 patentes3
394 4279 429 4338 ct
463 4271 499 4336 in
532 4275 665 4336 tantum
697 4269 782 4355 quod
818 4275 950 4336 constet
973 4270 1083 4337 Ourios
1113 4272 1167 4339 hie
1198 4275 1239 4340 (10

189 4377 329 4454 recordo,
354 4373 443 4460 quod
476 4371 685 4438 satisfactum
719 4377 771 4436 est
803 4371 893 4436 dicto
914 4371 1059 4437 Domino
1083 4373 1167 4460 Regi
1198 4377 1239 4440 (10

190 4479 287 4545 dietis
332 4476 465 4541 duabus
510 4473 660 4558 portibus
698 4472 873 4539 tresdecim
911 4494 1098 4540 marcorum
1135 4477 1239 4540 annui

190 4579 347 4658 redditus,
370 4597 392 4641 0
423 4575 582 4661 praedicto
615 4573 700 4640 festo
732 4573 849 4640 Sancti
884 4572 1048 4638 Johsnnis
1081 4575 1243 4660 Baptistae
