3350 5800
608 898 901 947 cmrnmnmses,
1210 884 1272 945 245

216 1058 370 1123 Ecclesire
395 1066 516 1125 nostrae
541 1060 823 1135 concernentibus
840 1058 1041 1123 Wiilelmum
1067 1034 1223 1146 Sclly'nge
1238 1062 1273 1121 ct
1285 1074 1335 1115 two
1345 1067 1436 1143 monle

216 1158 438 1243 Reginaldum
464 1162 653 1237 Goldstone,
669 1162 864 1231 sacerdotes,
880 1160 1027 1245 ejusdem
1047 1166 1169 1225 nostrae
1185 1160 1273 1224 Cau·
1285 1132 1415 1249 ‘affl‘

216 1264 395 1329 tuariensis
419 1264 572 1329 Ecclesiae
595 1264 854 1340 commonachos
869 1264 911 1327 ad
938 1265 1119 1327 Romanam
1136 1262 1272 1329 Curiam
1286 1266 1401 1341 aboutro

216 1366 363 1445 misisse3
387 1367 474 1431 unde
497 1368 651 1431 caritates
669 1372 796 1431 vestras
821 1367 985 1431 attentius
1009 1388 1172 1453 regemne,
1188 1371 1223 1431 et
1238 1366 1272 1429 in
1285 1332 1364 1463 iffi?
1375 1346 1402 1380 ¹⁰

217 1466 344 1533 Christi
362 1468 542 1533 visceribus
558 1469 776 1543 obsecramus
786 1475 826 1532 ut
841 1490 916 1532 cnm
934 1467 1013 1533 dicti
1031 1467 1154 1532 fratres
1170 1468 1275 1531 nostri

216 1570 261 1633 ad
277 1576 390 1635 vestra
405 1571 476 1635 loca
491 1570 715 1656 pervenerint,
731 1592 786 1633 oos
804 1570 1031 1634 favorabiliter
1047 1576 1080 1634 et
1103 1570 1279 1634 caritative

217 1678 363 1737 tractare
395 1673 525 1738 velitis:
561 1672 696 1757 pietatis
731 1679 850 1736 vestrae
893 1672 1072 1735 mercedem
1097 1670 1140 1735 ab
1164 1671 1279 1735 Omni-

216 1780 353 1859 potente
378 1775 448 1839 Deo
473 1775 629 1839 habituri.
677 1774 717 1838 ln
741 1774 835 1858 cnjus
860 1775 916 1850 rei,
933 1779 994 1840 etc.
1046 1773 1168 1839 llatnm
1192 1772 1279 1839 Can·

214 1878 343 1953 tnarire,
368 1884 427 1943 etc.
452 1878 553 1943 tertio
589 1878 642 1941 die
678 1878 799 1942 mensis
835 1878 989 1942 Octobris
1023 1900 1111 1941 anno
1142 1877 1277 1941 Domini

220 1994 500 2046 n⁰cccc⁰ax1x¹¹¹⁰.

225 2301 520 2367 loon-armeni
545 2316 816 2364 roeromnoms
848 2317 913 2363 rao
937 2318 1120 2366 enarrans
1152 2318 1279 2368 mona·
1322 2324 1424 2383 (iser.)

540 2418 679 2466 caurus
703 2418 790 2466 imm
812 2402 835 2466 J
840 2420 974 2467 uanam.
1296 2462 1417 2512 3233,

270 2583 486 2649 Saoetiseimo
522 2584 557 2645 in
591 2580 726 2647 Christo
765 2581 853 2665 patri
889 2587 924 2645 et
960 2583 1102 2659 domino,
1140 2582 1282 2651 Domino
1297 2590 1438 2657 apetition

225 2708 286 2749 sno
329 2684 428 2749 Panic
467 2685 583 2748 divina
622 2684 833 2767 providentia
865 2684 1088 2751 Sacromnctre
1123 2686 1285 2753 Romanae'
1295 2658 1415 2779 fflff,

226 2810 265 2851 ac
289 2784 487 2849 universalis
511 2783 665 2849 Ecclesiae
696 2784 832 2849 Summo
860 2784 1018 2858 Pontifici,
1042 2788 1094 2850 sni
1119 2788 1283 2874 supplices
1295 2790 1448 2855 astringebat

227 2893 262 2954 ct
312 2886 424 2951 devoti
462 2885 486 2950 J
488 2885 634 2950 ohannes
673 2884 768 2949 Prior
815 2891 850 2949 et
897 2884 1090 2971 Capitulum
1136 2856 1455 2988 Ecclesioessfflymin,

229 2989 355 3057 Christi
407 2987 657 3054 Cantuariensis
701 2988 950 3072 metropoliticae
997 2988 1118 3054 devota
1166 2990 1436 3076 pedumdubwws

230 3091 340 3156 oscula
363 3090 546 3154 beatorum.
593 3089 664 3154 Etsi
693 3089 793 3172 juxta
816 3095 1004 3154 sanctornm
1036 3097 1169 3176 patrnm
1193 3093 1289 3156 insti·
1299 3057 1406 3188 ἓξὲξ
1418 3127 1445 3168 to

232 3199 318 3271 tuta,
340 3213 415 3277 qnae
447 3190 664 3276 proculdubio
688 3212 730 3252 ex
764 3190 944 3254 traditione
968 3191 1151 3257 Salvatoris
1182 3193 1289 3257 nostri
1300 3185 1445 3299 &¹th

233 3301 386 3380 suscepta
408 3301 498 3366 sunt,
522 3281 776 3358 omncs'Chn'sti
800 3291 912 3355 fideles
937 3293 970 3356 in
993 3293 1104 3358 dubiis
1127 3307 1161 3360 et
1175 3294 1289 3359 arduis
1300 3259 1460 3369 {ffffiie

233 3397 376 3483 negotiis
400 3396 441 3459 ad
467 3396 608 3460 Matrem
633 3393 910 3472 Christianitatis,
934 3401 1081 3460 sanctam
1105 3397 1289 3461 Romanam
1302 3385 1422 3502 ffb&

234 3499 423 3572 Ecclesiam,
458 3518 625 3561 recurrere
667 3495 797 3568 debent,
840 3516 899 3557 nos
942 3501 1063 3572 tamen,
1102 3498 1290 3563 beatissime
1302 3489 1445 3583 duriirgthe

235 3606 337 3686 pater,
355 3599 457 3663 vestri
474 3598 586 3662 devoti
610 3598 670 3660 filii
687 3595 937 3661 Cantnariensis
956 3596 1108 3663 Ecclesiae
1130 3600 1291 3675 monachi,
1303 3583 1405 3701 ffilgoe
1416 3581 1445 3630 of

237 3704 353 3768 multis
392 3725 431 3766 ex
479 3701 587 3766 causis
627 3700 661 3762 id
700 3701 734 3761 in
781 3699 1034 3784 presentiarum
1073 3702 1190 3782 majori
1223 3724 1292 3787 prae
1372 3685 1379 3699 ⁹

235 3806 355 3871 ceteris
378 3804 499 3868 fidncia
522 3823 681 3866 conamur
704 3801 819 3866 facere.
868 3801 1016 3865 Primum
1039 3805 1181 3888 quidem,
1205 3805 1293 3890 quod

236 3908 273 3970 in
295 3906 356 3971 tali
380 3927 479 3969 cansa
503 3904 700 3980 laboremne,
716 3924 801 3986 qnae,
817 3923 892 3966 cnm
916 3904 958 3966 ad
982 3903 1124 3970 salntem
1146 3906 1294 3971 fidelium

239 4011 434 4084 animarum,
458 4014 529 4073 tum
562 4028 641 4070 vero
671 4005 713 4070 ad
746 4005 841 4070 Beati
866 4005 1001 4070 Thomee
1033 4008 1190 4074 honorem
1220 4031 1293 4095 per·

241 4111 337 4187 tinet,
366 4109 454 4194 qnod
485 4130 559 4174 cnm
591 4113 678 4172 esset
708 4107 786 4170 olim
819 4113 1046 4193 propugnator
1076 4109 1229 4176 Ecclesia
1259 4112 1295 4174 in

241 4213 319 4278 orbe
352 4210 538 4296 singularis,
562 4231 622 4295 pro
650 4209 726 4294 jure
757 4213 791 4272 et
826 4209 980 4274 libertate
1014 4210 1233 4277 ecclesiastica
1261 4219 1297 4276 et

242 4317 365 4378 honore
403 4310 626 4397 Appostolicae
667 4311 763 4375 Sedis
810 4317 950 4374 mortem
989 4333 1057 4374 oon
1102 4313 1298 4395 dedignavit

243 4421 416 4501 appetere3
441 4413 559 4477 deinde
583 4413 670 4496 qnod
696 4413 766 4476 lime
789 4432 889 4475 causa
919 4413 1009 4496 apud
1032 4419 1179 4477 vestram
1196 4413 1299 4478 Sanc·

243 4518 375 4582 titatem
414 4515 544 4600 agenda
581 4513 677 4576 nobis
712 4519 771 4589 est,
805 4534 872 4596 qna
910 4513 1073 4576 neminem
1108 4519 1297 4578 sanctornm

244 4617 456 4683 Summorum
493 4616 698 4692 Pontificum,
732 4637 839 4700 neque
878 4621 992 4679 nostra
1025 4637 1130 4699 neqne
1165 4621 1299 4699 patrum

244 4724 432 4784 nostrornm
457 4718 622 4793 memorie,
647 4717 815 4781 fortiorem
840 4717 875 4780 in
902 4715 1026 4781 tuendo
1050 4716 1202 4782 Ecclesiae
1221 4715 1300 4800 jura

243 4819 390 4906 ejusdem
415 4819 508 4894 Beati
534 4818 694 4904 Martyris
716 4819 943 4886 aemulatorem
972 4817 1072 4883 luisse
1095 4818 1300 4912 accepimns3
