3350 5800
360 832 426 898 146
820 839 956 891 mm

362 1030 547 1096 debuenmt
579 1033 614 1096 et
652 1033 902 1096 consueverunt
950 1025 994 1092 In
1028 1045 1170 1111 quorum
1201 1021 1351 1090 omnium
1382 1021 1420 1084 et

361 1132 566 1219 singulorum
601 1132 846 1217 praemissorum
869 1127 1107 1206 testimonium,
1129 1125 1191 1190 uni
1224 1123 1313 1212 perti
1334 1141 1420 1209 prae·

362 1235 465 1300 sentis
496 1234 621 1320 scripti,
652 1239 711 1300 eto.
741 1233 890 1319 sigillum
930 1236 1081 1298 nostrum
1111 1249 1286 1295 commune
1315 1245 1419 1311 appo-

363 1336 498 1412 suimus,
521 1341 580 1402 etc.
626 1335 715 1400 Data
749 1335 785 1398 in
822 1333 930 1399 Domo
960 1337 1075 1398 nostra
1109 1328 1298 1416 Capitulari
1329 1324 1422 1411 apud

365 1435 581 1501 Cantuariam
629 1435 831 1522 praedictam,
870 1433 997 1498 decimo
1045 1437 1164 1498 octavo
1210 1430 1265 1494 die
1296 1426 1421 1492 mensis

363 1537 564 1615 Decembris,
598 1558 686 1602 anuo
721 1535 858 1602 Domini
880 1534 1057 1600 millesimo
1090 1530 1421 1619 quadringentesimo

366 1639 522 1708 vicesimo
545 1645 675 1726 quarto.

234 2017 322 2068 areb.
371 2005 735 2072 leot-Iuroaurmo
795 2019 932 2069 courel
985 2019 1087 2068 orvns
1140 2019 1182 2067 ur
1244 2003 1421 2068 Bamrvos

245 2087 317 2134 ¹⁴²⁶·
548 2109 763 2174 Clarorum
797 2123 891 2171 runc
923 2121 1347 2184 ux1srnurrsv1osmcar
1371 2103 1423 2168 W.

202 2217 229 2267 s.
242 2219 273 2264 ⁹³
286 2231 312 2264 a·
548 2210 785 2274 Brnnruorou
809 2225 851 2271 ur
874 2209 1069 2273 chsunuu
1093 2206 1262 2284 corsuna,
1278 2221 1422 2270 moruu-

549 2327 616 2374 rna
661 2326 856 2375 uonmurus
903 2326 1113 2374 exsufflans
1165 2326 1211 2372 ue
1257 2308 1424 2371 aceruus

547 2429 719 2489 Qunuoru
742 2413 968 2478 Beuumnuu
991 2413 1232 2500 Aumrauauu
1255 2428 1303 2474 ro
1320 2425 1423 2474 rrssu

550 2533 616 2582 eno
639 2532 863 2582 ruuuurrrra
885 2533 1169 2582 courucrnurau.

200 2734 354 2798 Thechap
420 2705 609 2772 Reverendo
631 2705 669 2769 in
692 2704 826 2771 Christo
848 2705 939 2790 patri
962 2711 997 2770 et
1020 2705 1155 2770 domino
1170 2705 1316 2771 Domino
1332 2703 1425 2768 Hen-

200 2800 342 2919 {ffilffffl
372 2809 438 2874 rico
461 2807 526 2873 Dei
557 2807 667 2894 gratia
688 2807 921 2873 Cantuariensi
945 2806 1211 2894 Archiepiscopo‚
1235 2813 1297 2872 etc,
1320 2806 1425 2871 vestri

201 2934 294 2998 tinhop
374 2910 515 2975 humiles
538 2913 572 2974 et
603 2910 715 2974 devoti
738 2908 910 2975 Johannes
939 2909 1035 2975 Prior
1056 2914 1091 2975 et
1123 2909 1319 2996 Capitulum
1352 2930 1426 2972 ves-

204 3000 342 3130 ffissl
374 3016 436 3077 trae
467 3016 589 3077 sanctae
614 3009 863 3076 Oantnariensis
899 3011 1062 3090 Ecclesiae,
1097 3011 1333 3089 obedientiam,
1366 3014 1427 3074 etc.

205 3131 361 3198 mamortha
375 3113 549 3193 Querulum
594 3112 841 3177 lamentabilem
887 3134 963 3177 cum
1010 3134 1131 3199 magna
1176 3113 1284 3179 cordis
1321 3112 1428 3177 nostri

202 3198 307 3250 citizens
318 3196 348 3247 oi

206 3264 313 3316 Canter-

204 3332 278 3394 bury,
289 3327 347 3381 who
374 3317 530 3405 praesenti
546 3315 774 3401 compellimur
797 3316 985 3395 insinuare3
1009 3338 1111 3403 super
1133 3339 1172 3381 eo
1188 3318 1277 3403 quod
1293 3316 1429 3402 quidum

205 3398 339 3513 ssffito
370 3420 506 3506 juvenis
529 3419 572 3484 ad
594 3424 740 3483 vestram
773 3418 946 3485 civitatem
972 3419 1192 3485 Cantuariam
1215 3421 1258 3485 de
1280 3420 1434 3505 partibus

206 3542 354 3580 removeen
375 3520 606 3587 transmarinis
650 3542 757 3606 nuper
802 3520 994 3597 adveniens,
1033 3522 1146 3607 ipsius,
1185 3527 1225 3587 ut
1262 3522 1431 3601 asseritur,

206 3596 323 3726 ῗξζξζὲ,
377 3623 546 3690 demeritis
569 3620 788 3708 exigentibus,
811 3643 873 3708 per
905 3622 1055 3688 Ballivos
1078 3623 1176 3689 dictae
1200 3624 1348 3690 civitatis
1362 3646 1434 3690 car·

209 3726 331 3777 rmmths
377 3726 475 3792 carali
508 3724 666 3790 custodiae
701 3722 810 3788 fuerat
832 3724 1026 3809 deputatus,
1049 3726 1117 3810 qui,
1140 3745 1219 3791 casu
1252 3726 1433 3806 accidente,

208 3791 360 3915 gffiffln
379 3828 420 3892 de
442 3828 514 3911 ipsa
537 3825 690 3892 carcerali
714 3825 865 3890 custodia
889 3826 1007 3902 evasit,
1031 3832 1066 3891 et
1099 3846 1159 3911 pro
1196 3826 1341 3892 tuitione
1372 3849 1434 3893 sua

209 3923 357 4041 fflffle·
380 3928 423 3993 ad
445 3932 589 3991 vestram
622 3924 772 4009 confugit
795 3924 985 4005 Ecclesiam,
1008 3926 1114 4011 ipsius
1138 3924 1292 3992 Ecclesiae
1313 3928 1434 3991 immu-

208 4065 299 4119 tuary,
316 4054 361 4104 the
383 4030 524 4093 nitatem
547 4025 719 4091 humiliter
742 4026 963 4111 postulando;
997 4026 1092 4106 cuius
1125 4028 1314 4093 evasionem
1348 4052 1433 4116 prae-

209 4124 308 4253 igin?
381 4130 443 4195 fati
466 4129 596 4206 Ballivi,
620 4126 784 4204 videlieet,
808 4126 858 4193 W.
882 4133 917 4192 et
940 4127 980 4192 R.
1004 4128 1239 4215 intelligentes,
1261 4132 1436 4216 ipsumque

211 4256 337 4306 nemore
382 4230 425 4295 ad
448 4228 625 4295 Ecclesiam
648 4232 793 4293 vestram
817 4228 1012 4313 confugisse,
1036 4250 1112 4296 cum
1135 4230 1300 4296 indomita
1321 4230 1436 4297 multi-

211 4317 360 4439 {fflssin
380 4332 498 4398 tudine
533 4329 655 4395 civium
689 4330 725 4393 in
757 4330 863 4415 ipsam
887 4329 1076 4409 Ecclesiam,
1100 4352 1256 4417 sponsam
1279 4338 1436 4416 vestram,

211 4452 326 4519 prisoner
382 4456 464 4499 ausu
499 4432 673 4498 temerario
722 4431 940 4517 personaliter
980 4432 1157 4511 irruerunt,
1196 4433 1304 4499 minas
1341 4436 1439 4501 nobis

213 4519 326 4635 ἓξὲξ
381 4536 546 4603 terribiles
578 4533 757 4612 inferendo
780 4555 818 4601 ac
842 4534 952 4599 verbis
974 4534 1201 4623 incompositis
1225 4542 1260 4602 et
1283 4536 1436 4605 inhones-

212 4648 364 4705 oeh'uuche
381 4640 426 4706 tis
448 4638 545 4705 nobis
566 4636 836 4723 improperantes,
869 4637 960 4723 quod
981 4637 1123 4727 praefata
1145 4638 1295 4708 Ecclesia
1319 4646 1434 4709 vestra

374 3214 597 3282 amaritudine
636 3218 755 3278 vestrae
794 3213 1018 3280 dominationi
1064 3215 1339 3301 singularissimas
1384 3213 1427 3277 (le
