3350 5800
627 895 917 945 cmrnaamusns,
1232 884 1297 947 255

233 1081 412 1147 interdicti
443 1083 486 1147 ab
509 1083 625 1148 eadem
647 1083 732 1149 Sede
764 1086 921 1171 impositi,
946 1086 1122 1150 eriminum
1156 1087 1296 1162 haeresis,

230 1181 386 1266 cujusvis
420 1183 563 1260 offensa,
588 1184 834 1262 inobedientias,
858 1209 916 1251 seu
949 1188 1137 1251 rebellionis
1172 1187 1207 1250 iu
1233 1187 1297 1250 Ro-

234 1305 373 1349 manum
409 1286 603 1352 Pontificem
636 1295 695 1354 aut
730 1289 849 1354 Sedent
896 1291 1105 1376 pradictum)
1150 1291 1294 1354 debitam

236 1388 492 1466 absolutionem,
524 1392 639 1456 emlem
677 1394 888 1468 auctom'tate,
923 1394 959 1457 in
1006 1395 1109 1459 formu
1145 1393 1297 1458 Ecclesia,

237 1498 407 1568 consueta,
430 1494 630 1578 impendere,
654 1500 688 1559 et
720 1494 954 1579 poenitenciam
979 1497 1159 1560 salutarem
1186 1494 1296 1579 injun-

236 1616 325 1681 gere,
347 1602 429 1660 vota
460 1618 590 1682 quoque
623 1597 845 1662 ultramarina
869 1599 1037 1684 (liminum
1062 1599 1296 1684 pradictorum

238 1697 483 1780 Apostolorum,
507 1720 546 1763 ac
568 1698 682 1763 Sancti
707 1699 823 1763 Jacobi
852 1698 887 1762 in
911 1697 1144 1784 Compostella,
1169 1721 1298 1762 necnon

239 1797 418 1885 religionis,
452 1801 620 1865 duntaxat
655 1801 817 1886 exceptis)
853 1801 886 1863 in
922 1801 988 1864 alia
1032 1801 1167 1885 pietatis
1200 1822 1298 1885 opera

240 1907 443 1965 commutare
466 1902 610 1977 valeant,
633 1902 817 1988 deputandi
845 1902 978 1986 plenam
1003 1906 1037 1965 et
1062 1901 1200 1966 liberam
1223 1923 1298 1966 eon-

239 2003 395 2078 cedimus,
418 2005 616 2069 auctoritate
648 2005 870 2089 praesentium,
904 2004 1121 2081 facultatem3
1154 2027 1296 2090 prunon-

239 2107 331 2169 tibns
346 2111 423 2191 post
437 2107 608 2170 biennium
632 2107 769 2170 minime
792 2107 955 2171 valituris.
999 2106 1158 2171 Volumus
1183 2113 1295 2170 autem

240 2209 339 2292 quod,
362 2209 454 2294 lapso
485 2210 620 2273 biennio
651 2209 850 2295 hujusmodi,
874 2209 988 2272 statim
1022 2208 1064 2272 ab
1089 2210 1152 2272 hiis
1176 2209 1297 2273 litteris

239 2311 415 2396 plumbum
449 2334 508 2397 per
530 2310 741 2378 Cardinalcm
764 2312 819 2376 vel
843 2312 991 2376 Priorem
1019 2313 1215 2396 praedictum
1239 2313 1296 2375 ab·

243 2413 431 2492 scindatur;
462 2413 579 2497 quodsi
603 2414 786 2500 quisquam,
811 2414 909 2478 finito
932 2414 1046 2478 eodem
1075 2413 1217 2490 biennio,
1243 2435 1297 2476 aas

241 2537 279 2579 ac
302 2517 407 2602 ipsam
441 2515 683 2604 indulgentiam
706 2517 883 2602 puplicare,
907 2521 967 2580 aut
990 2515 1152 2602 puplicari
1177 2516 1294 2591 lacero,

240 2618 310 2681 sive
332 2619 399 2682 illis
421 2618 562 2684 ulterius
584 2619 637 2682 uti
660 2619 915 2705 presumpserit,
939 2620 1142 2683 sententiam
1168 2641 1296 2683 excom-

241 2720 475 2785 municationis
509 2722 666 2796 incurrat,
701 2744 722 2785 a
754 2743 821 2806 qua
855 2721 898 2784 ab
922 2721 988 2784 alio
1023 2743 1123 2806 quum
1148 2744 1168 2784 a
1203 2721 1298 2784 nobis

242 2822 297 2887 rel
329 2823 570 2889 successoribus
603 2824 727 2888 nostris
749 2821 878 2888 absolvi
901 2829 1052 2909 nequeat,
1076 2829 1298 2909 praeterquam

242 2925 278 2989 in
300 2926 417 2992 mortis
447 2926 586 2992 articulo
616 2926 826 2993 constitutus.
875 2926 952 2991 Non
983 2925 1195 2991 obstantibus
1226 2927 1298 3010 qui·

241 3028 445 3113 bustumque
475 3028 761 3113 indulgentiarum
803 3026 994 3112 hujusmodi
1026 3027 1298 3113 suspensionibus

243 3152 302 3216 per
339 3152 400 3195 nos
437 3131 491 3195 vel
529 3130 782 3216 praedecessores
826 3134 957 3194 nostros
995 3129 1155 3195 hactenus
1193 3130 1298 3206 sactis,

242 3239 343 3319 atque
372 3234 495 3298 nostris
526 3238 560 3298 et
581 3233 657 3297 aliis
687 3232 984 3298 constitutionibus
1014 3238 1049 3297 et
1081 3232 1298 3297 ordinationi·

243 3335 312 3412 bus,
351 3336 468 3401 ceteris
505 3335 757 3420 apostolicisque
803 3334 978 3399 contrariis
1024 3334 1297 3419 quibuscumque.

242 3437 333 3503 Data
356 3439 470 3503 Romae
492 3438 582 3523 apud
598 3438 759 3502 Sanctum
776 3436 922 3515 Petrum,
945 3458 1034 3501 anno
1057 3436 1298 3502 incarnationis

242 3541 426 3606 Dominicae
464 3540 641 3605 Millesimo
678 3538 1006 3624 quadringentesimo
1045 3540 1298 3625 septuagesima,

241 3645 348 3731 pridie
370 3664 476 3709 nonas
498 3643 603 3719 Junii,
625 3642 840 3727 pontificatus
862 3642 967 3706 nostri
991 3662 1079 3706 anno
1103 3646 1208 3706 sexto

245 3908 539 3975 lota-Lunum
563 3922 735 3971 coucssss
758 3906 905 3970 Douma
921 3905 1107 3970 Lonowrco
1132 3922 1179 3968 na
1202 3904 1297 3971 Hla-
1340 3916 1434 3967 antu.

421 4027 529 4076 cuais
569 4005 826 4083 Parumacmu,1
869 4008 1212 4073 Jnnnosouommro
1256 4025 1298 4072 nr
1355 3985 1428 4033 ¹⁴⁷¹·

422 4113 615 4178 Burocnusr
638 4110 820 4175 Episcopo
1313 4102 1339 4152 S·
1352 4106 1400 4151 2⁴⁶
1413 4117 1439 4151 “-

288 4272 483 4340 Reverendo
505 4274 541 4337 iu
567 4270 724 4338 Christo²
748 4277 782 4335 et
805 4270 940 4335 domino
962 4270 1107 4336 Domino
1125 4270 1298 4336 Ludowico
1311 4270 1366 4321 The
1379 4269 1453 4319 Prior

243 4376 284 4441 de
308 4376 473 4441 Harcuria
496 4372 718 4440 Patriarebae¹
742 4373 1042 4437 Jlierosolomitano
1067 4378 1101 4437 ct
1125 4372 1298 4436 Baioeousi
1313 4337 1470 4463 ffifflffii'

244 4480 414 4566 Episcopo
444 4478 615 4543 Johannes
645 4476 708 4540 Dei
742 4476 854 4561 gratia
891 4476 1108 4561 permissione
1141 4474 1235 4537 Prior
1266 4481 1300 4539 et
1313 4468 1464 4583 ffistllmf

244 4580 447 4669 Capitulum,
471 4586 530 4645 etc.
578 4578 765 4663 Singularis
781 4578 839 4640 illa
854 4577 1089 4641 benevolentia
1105 4596 1205 4659 quam
1223 4596 1300 4661 erga
1313 4550 1413 4665 Ερῑξξῃιέ
1422 4616 1437 4651 a

277 4832 462 4897 ¹Pulriurclro,
475 4834 532 4885 MS.
753 4829 760 4897 Ι
823 4828 875 4877 ²iu
889 4826 1002 4890 Christo,
1014 4841 1084 4879 error
1095 4825 1137 4877 for
1145 4824 1227 4891 patri.
