3350 5800
641 888 935 940 cruruamuusm.
1275 884 1318 944 55

232 1079 333 1162 quod
347 1088 581 1168 praesentatio
597 1087 745 1174 Capituli
763 1088 855 1153 illius
877 1089 947 1167 fiat,
960 1089 1049 1155 infra
1070 1113 1130 1157 sex
1153 1113 1282 1159 menses
1296 1116 1318 1159 a

230 1184 402 1269 tempore
429 1189 564 1255 noticiae
586 1190 771 1255 vacacionis
805 1190 962 1276 ejusdem,
984 1194 1257 1261 reverendissimo
1279 1198 1316 1261 iu

233 1279 402 1365 Christo,
442 1296 503 1357 etc
538 1292 814 1377 Archiepiscopo.
832 1292 1076 1372 Cantuariensi‚
1099 1304 1160 1361 etc
1184 1304 1219 1361 et
1240 1320 1316 1363 suc·

232 1392 443 1459 caesoribus
476 1395 553 1471 suis,
588 1396 652 1460 loci
688 1396 875 1461 Ordiuariis
907 1397 1117 1475 immediatis,
1139 1400 1203 1475 rel,
1237 1401 1313 1465 sede

231 1488 495 1561 Cantuariensi
541 1504 690 1574 vacante,
730 1498 834 1562 Priori
875 1506 911 1563 et
956 1498 1114 1585 Capitulo
1160 1501 1313 1568 Fcclesiae

232 1590 380 1661 Cbristi
409 1597 658 1664 Cantuariensis
680 1600 738 1684 qui
761 1622 821 1685 pro
847 1608 994 1686 tempore
1027 1601 1165 1683 fuerint,
1188 1609 1224 1669 et
1245 1625 1311 1669 non

229 1693 344 1761 alteri
362 1699 405 1762 in
420 1698 542 1765 futuro.
589 1701 634 1764 Et
649 1702 677 1764 si
692 1702 865 1787 contingat
879 1701 1004 1767 dictam
1021 1705 1312 1789 praeseutacionem

230 1794 333 1861 infra
359 1822 424 1866 sex
446 1824 574 1867 menses
597 1824 639 1867 ex
662 1802 869 1888 negligencia
890 1804 1010 1880 omitti,
1026 1812 1108 1869 tunc
1130 1806 1207 1871 volo
1223 1808 1312 1891 quod

231 1898 424 1969 ordinacio
455 1911 490 1969 et
514 1904 701 1991 disposissio
724 1904 816 1969 illius
842 1908 999 1971 cantaria
1030 1908 1074 1971 ad
1107 1910 1311 1974 reverendis·

231 2000 384 2085 simum,
409 2014 469 2073 etc.
492 2008 785 2094 Archiepiscopum
809 2008 1086 2075 Cantuariensem
1120 2016 1156 2075 ct
1185 2033 1310 2078 sueces-

230 2124 336 2172 sores
362 2131 447 2191 suus,
471 2111 535 2189 vel,
558 2112 635 2177 sede
658 2110 891 2178 Cantuariensi
924 2119 1073 2190 vacante,
1096 2114 1140 2179 ad
1164 2115 1309 2181 Priorem

232 2215 273 2274 et
300 2209 507 2300 Capitulum
540 2214 632 2279 illius
656 2213 822 2293 Ecclesiae,
844 2235 885 2278 ea
920 2215 991 2279 vioe
1024 2214 1172 2301 legitime
1195 2218 1309 2283 devol-

234 2318 359 2381 vatur.
422 2314 525 2381 Item:
558 2315 641 2381 Volo
674 2316 763 2401 quod
801 2314 944 2400 quilibet
977 2316 1177 2402 Capellauua
1209 2320 1308 2387 dictae

234 2418 410 2483 cantariae
451 2422 669 2503 praesentatus
706 2422 742 2481 et
771 2415 948 2481 institutus
981 2417 1025 2484 ad
1056 2419 1160 2485 altare
1191 2420 1307 2487 Sancti

235 2514 407 2584 Nicbolai
445 2520 483 2583 in
520 2519 611 2584 dicta
657 2517 793 2584 ecclesia
831 2516 873 2583 de
907 2518 1079 2605 Bockyug,
1116 2524 1206 2586 omni
1243 2523 1305 2599 die,

237 2638 327 2685 cum
360 2618 500 2686 adhoc
537 2619 718 2707 dispositus
757 2620 869 2698 fuerit,
902 2621 1053 2700 celebret,
1091 2644 1151 2709 pro
1180 2624 1304 2690 salubri

238 2727 343 2789 statu
365 2722 502 2787 Domini
523 2724 629 2787 nostri
653 2722 755 2809 Regis
778 2722 913 2788 Ricardi
938 2724 1083 2790 Secundi
1105 2725 1247 2812 Augilas,
1270 2734 1306 2794 et

238 2826 514 2891 reverendissimi
546 2827 601 2889 in·
616 2824 750 2891 Christo
788 2826 894 2912 patris
927 2831 962 2890 et
995 2827 1121 2892 domini
1160 2829 1297 2895 Domini

239 2928 384 2995 Thomas
418 2927 580 2993 Arundell
604 2927 668 2992 Dei
700 2927 810 3015 gracia
845 2928 1093 3015 Arebiepiscopi
1125 2929 1301 2998 Cantuari·

243 3032 344 3108 ensis‚
368 3037 438 3108 etc,
461 3035 496 3096 et
525 3029 753 3114 religiosorum
777 3029 925 3094 virorum
950 3031 1073 3096 Prioris
1095 3037 1131 3097 et
1153 3031 1302 3120 Capituli

244 3135 401 3200 Ecclesiae
435 3131 560 3198 Christi
593 3131 852 3209 Cantuariensis,
884 3139 920 3198 et
953 3133 1117 3220 Philippae
1147 3136 1301 3204 Dominae

245 3237 483 3310 Fitzwautere,
513 3240 548 3299 et
590 3235 653 3298 mei
685 3234 849 3298 Johannis
884 3235 1064 3300 Doreward
1104 3236 1300 3316 fundatoris,

246 3345 284 3405 ct
309 3338 478 3403 Katerinae
501 3335 614 3401 uxoris
637 3358 717 3411 mee,
740 3335 819 3400 dum
843 3337 1033 3415 vixerimus,
1058 3345 1093 3404 et
1115 3346 1190 3424 post
1212 3363 1299 3407 mor·

246 3448 314 3507 tem
336 3445 497 3516 nostram,
519 3459 578 3524 pro
601 3438 776 3503 animabus
806 3439 938 3514 nostris,
961 3445 996 3504 et
1017 3442 1192 3507 animabus
1215 3443 1299 3508 Wil-

245 3543 337 3609 lelmi
360 3539 542 3606 Doreward
573 3539 678 3624 patris
714 3540 787 3616 mei,
811 3545 847 3605 et
868 3540 1033 3606 Johannae
1067 3543 1185 3608 matris
1207 3565 1297 3625 meae,

245 3651 280 3711 et
302 3642 465 3709 Johannis
489 3641 604 3706 Oliver
632 3640 790 3705 avunculi
813 3641 888 3718 mei,
911 3646 946 3705 et
968 3643 1114 3707 omnium
1146 3647 1298 3730 progeni-

246 3751 357 3812 torum
399 3765 558 3820 meorum,
593 3746 627 3806 et
660 3741 907 3807 benefactorum
943 3744 1040 3808 dictae
1064 3747 1231 3823 centuriae,
1262 3755 1297 3814 et

245 3849 357 3915 anima
394 3845 530 3910 Domini
564 3845 587 3909 J
590 3844 732 3910 chaunis
767 3843 1006 3910 Barchamsted
1040 3847 1139 3932 primi
1178 3847 1295 3936 Capel-

242 3953 311 4018 lani
350 3950 449 4015 dictae
482 3945 648 4022 canturire,
684 3951 718 4010 et
750 3947 864 4011 anima
897 3946 1033 4011 Thomae
1068 3949 1186 4014 Crosse
1224 3973 1294 4018 rec·

243 4055 325 4119 toris
356 4049 500 4116 ecclesia
534 4050 575 4113 de
607 4047 778 4133 Bcckyng,
801 4055 836 4112 et
871 4049 1020 4112 omnium
1055 4051 1204 4116 fidelium
1236 4054 1292 4118 de·

241 4157 438 4220 functorum.
477 4149 518 4214 In
533 4151 644 4216 dotem
661 4153 695 4212 et
710 4149 989 4215 sustentacionem
1012 4151 1110 4217 dictae
1126 4155 1292 4232 cantaria,

241 4257 282 4322 do
316 4261 351 4320 et
382 4253 524 4319 concedo
556 4253 801 4336 imperpetuum
836 4273 937 4315 unam
972 4253 1087 4318 rodam
1118 4260 1217 4320 terrae
1249 4279 1291 4322 ex

239 4365 332 4446 parte
364 4353 489 4420 Boriali
528 4353 680 4418 cimiterii
721 4353 818 4417 dictie
857 4352 1002 4418 ecclesiae
1039 4355 1080 4419 de
1118 4355 1290 4444 Bockyng,

238 4481 311 4527 cum
335 4479 402 4522 uno
434 4477 548 4521 manso
571 4455 710 4520 honesto
733 4456 768 4519 in
801 4454 891 4519 dicta
912 4455 993 4521 roda
1027 4462 1124 4521 terrm
1148 4480 1206 4543 per
1235 4481 1289 4525 me

237 4564 278 4628 de
308 4581 396 4626 novo
430 4563 627 4632 constructo,
662 4579 730 4622 una
762 4580 835 4622 curu
869 4563 995 4643 septem
1028 4558 1131 4636 libris,
1154 4567 1209 4624 ete.
1233 4563 1287 4643 (ut

236 4665 363 4746 nawa),
401 4682 484 4746 quas
521 4665 646 4745 septem
682 4659 782 4724 libras
820 4665 855 4724 et
900 4681 999 4724 unam
1037 4659 1152 4723 rodam
1192 4667 1287 4726 terrae

237 4763 419 4855 perquisivi
442 4763 483 4827 de
507 4762 604 4827 dictis
621 4760 733 4826 Priore
756 4767 791 4826 et
814 4760 970 4847 Capitulo
993 4759 1147 4826 Ecclesia
1162 4761 1287 4827 Christi
