3350 5800
405 917 445 977 24
866 926 999 973 arrasa·

405 1114 572 1191 eantariae,
596 1113 638 1177 do
660 1111 837 1179 actualiter
860 1118 896 1177 et
927 1114 1068 1179 concedo
1091 1114 1237 1200 quinque
1260 1116 1461 1189 tenemento,

405 1216 545 1302 triginta
568 1219 710 1300 quatuor
740 1236 832 1281 acras
867 1220 973 1293 terras,
1006 1222 1151 1301 quatuor
1183 1238 1274 1283 acras
1305 1217 1402 1303 prati,
1425 1219 1462 1279 et

405 1318 572 1381 redditum
610 1322 756 1401 quatuor
779 1316 959 1383 solidorum
983 1322 1019 1382 et
1041 1324 1185 1403 quatuor
1219 1318 1461 1403 quarteriorum

405 1419 496 1484 ordei
534 1419 693 1505 palmalis,
732 1420 768 1483 in
806 1420 947 1485 Ickham
983 1426 1017 1485 et
1051 1420 1240 1486 Litleborne
1272 1419 1461 1486 existentia

406 1522 442 1586 Si
481 1526 593 1587 autem
632 1522 678 1586 sic
709 1520 883 1607 contingat
921 1518 1147 1607 imposterum,
1185 1524 1273 1609 quod
1311 1523 1462 1609 ydoneus

406 1623 554 1689 sacerdos
587 1623 722 1688 eandem
759 1623 951 1700 cantariam,
978 1631 1113 1711 propter
1144 1626 1330 1691 exilitatem
1364 1624 1463 1700 dotis,

405 1723 606 1790 admittere1
638 1724 792 1802 noluerit,
825 1746 884 1790 seu
923 1727 1126 1791 recusaverit
1163 1728 1254 1813 prius
1287 1726 1452 1792 admissus

406 1831 539 1903 extunc,
563 1827 638 1893 volo
671 1826 759 1912 quod
782 1826 904 1892 Rector
934 1833 969 1892 et
991 1834 1101 1893 custos
1123 1827 1283 1894 bonorum
1318 1826 1462 1894 ecclesiae

407 1929 447 1993 de
486 1927 605 1992 Hrham
645 1933 843 1992 memoratas
890 1930 1109 2013 possessiones
1146 1931 1384 2016 ingrediantur,
1421 1934 1462 1992 ut

406 2030 572 2117 profectus
595 2030 638 2094 ab
662 2029 784 2095 eisdem
807 2031 1068 2115 possessionibus
1083 2034 1313 2118 provenientes
1328 2031 1463 2119 capiant

407 2136 443 2195 et
473 2135 670 2197 convertant
692 2131 728 2195 in
752 2138 968 2218 augmentum
1004 2133 1092 2198 dotis
1115 2136 1261 2220 ejusdem
1295 2134 1461 2210 canturire,

408 2234 588 2299 seeundum
627 2233 859 2298 discretionem
897 2235 964 2298 mei
1002 2235 1082 2299 dum
1119 2236 1244 2313 vixero,
1282 2243 1317 2301 et
1348 2240 1463 2322 postea

407 2333 541 2421 patroni
579 2334 737 2399 eantariae
774 2335 951 2421 praedictae,
990 2357 1160 2422 quousque
1197 2339 1347 2405 sacerdos
1376 2337 1463 2403 alius

407 2437 557 2523 ydoneus
595 2436 701 2521 ipsam
734 2436 918 2502 cantariam
956 2459 1113 2525 occupare
1152 2439 1304 2518 voluerit,
1357 2443 1393 2504 et
1424 2438 1463 2502 in

407 2538 530 2617 eadem,
570 2537 749 2603 secundum
796 2536 938 2603 formam
975 2561 1049 2626 quae
1087 2542 1313 2628 praemitittur,
1350 2541 1462 2606 debite

407 2640 604 2704 ministrare.
650 2638 756 2705 Item:
782 2640 859 2704 volo
893 2640 982 2725 quod
1020 2642 1105 2719 libri,
1137 2648 1172 2708 et
1193 2644 1403 2718 vestimenta,
1428 2648 1464 2708 at

407 2742 532 2819 calices
555 2745 760 2827 paramenta,
775 2747 970 2807 ornamenta
992 2742 1157 2822 altarium,
1173 2751 1274 2811 cartae
1297 2751 1332 2810 et
1353 2746 1462 2809 muni-

408 2849 522 2911 menta
544 2844 656 2910 omnia
678 2848 802 2908 terram
826 2848 861 2909 et
892 2845 1112 2929 possessiones
1135 2846 1283 2933 ejusdem
1306 2846 1464 2914 cantan'ae

410 2945 627 3032 quovismodo
657 2945 840 3032 tangentia,
878 2950 913 3009 et
948 2946 1060 3012 omnia
1089 2947 1156 3012 alia
1182 2949 1313 3034 jocalia,
1343 2953 1465 3034 praeter

409 3048 475 3112 duo
507 3047 714 3124 vestimenta,
754 3050 788 3110 at
818 3067 923 3111 unum
957 3047 1097 3126 missale,
1135 3054 1169 3114 et
1200 3071 1303 3114 unum
1341 3049 1464 3114 librum

408 3149 534 3215 dictum
554 3146 710 3232 portbors
735 3147 790 3234 (de
825 3147 945 3233 quibus
968 3149 1176 3214 vestimentis
1210 3171 1314 3215 unum
1337 3151 1401 3214 erit
1424 3151 1465 3214 de

407 3248 623 3315 debilioribus
662 3270 721 3334 pro
761 3249 879 3314 diebus
924 3249 1106 3330 ferialibus,
1146 3256 1180 3316 et
1216 3253 1309 3317 aliud
1346 3251 1466 3316 melius

407 3373 468 3439 pro
491 3349 608 3415 diebus
631 3349 816 3415 Dominicis
849 3354 884 3413 et
906 3350 1051 3437 festivis)
1075 3358 1110 3417 et
1132 3360 1325 3419 ornamenta
1354 3375 1465 3418 neces-

406 3453 494 3518 saria
547 3473 608 3538 pro
668 3451 830 3516 altaribus
868 3451 1045 3536 praedictis,
1109 3455 1177 3520 sint
1231 3457 1266 3519 in
1319 3454 1464 3541 quadam

408 3557 488 3620 cista
515 3553 602 3618 ferro
625 3553 738 3638 ligata,
769 3554 812 3617 ad
835 3553 918 3617 talia
941 3553 1085 3633 titulata,
1108 3555 1193 3621 bene
1223 3557 1364 3636 firmata,
1387 3577 1463 3622 cum

406 3656 536 3722 duabus
559 3655 683 3721 ceruris
716 3653 856 3718 diversis
880 3655 1029 3721 clavibus
1053 3657 1224 3735 firmanda,
1255 3660 1291 3722 in
1314 3658 1465 3725 custodia

404 3758 580 3825 custodum
613 3757 711 3822 diotre
734 3755 879 3821 ecclesiae
902 3757 938 3820 in
971 3759 1086 3823 eadem
1109 3761 1251 3837 ecclesia,
1275 3762 1364 3826 unde
1394 3783 1464 3826 una

406 3860 509 3925 clavis
532 3877 632 3944 penes
656 3877 708 3921 me
730 3855 879 3922 haeredes
902 3863 936 3922 et
951 3860 1136 3946 assignatos
1159 3884 1248 3927 meos
1270 3863 1463 3927 remanebit.

406 3959 508 4026 Salvo
531 3965 652 4034 tamen,
678 3957 766 4042 quod
788 3958 825 4022 in
847 3957 943 4023 festis
974 3961 1213 4047 principalibus
1236 3985 1337 4028 unum
1362 3964 1464 4029 resti-

406 4065 557 4127 mentum
581 4059 780 4145 optimorum
804 4059 1032 4128 ibidemtune
1057 4063 1155 4129 detur
1177 4065 1338 4130 sacerdoti
1361 4087 1465 4152 saepe·

406 4164 505 4241 diota,
521 4161 563 4226 ad
586 4159 818 4227 celebrandum
841 4161 877 4225 iu
902 4162 1015 4228 eodem
1039 4164 1094 4230 die
1116 4165 1184 4246 illo,
1207 4166 1295 4252 quod
1330 4167 1464 4253 quidem

406 4264 652 4338 vestimentum,
676 4283 736 4347 pro
751 4266 899 4348 tempore
922 4264 980 4329 illo
1002 4265 1189 4346 liberatum,
1205 4267 1293 4332 idem
1316 4269 1465 4336 sacerdos

406 4366 506 4432 dictis
529 4363 722 4430 custodibus
745 4386 803 4430 seu
827 4365 925 4430 alteri
948 4387 1060 4432 eorum
1095 4370 1208 4434 eodem
1232 4369 1287 4436 die
1308 4371 1466 4436 reliberet

404 4471 441 4534 in
464 4469 587 4534 dictam
610 4466 727 4530 cistam
750 4467 986 4552 reponendum,
1032 4469 1077 4535 Et
1100 4491 1174 4536 cum
1197 4471 1282 4550 libri,
1306 4494 1363 4538 seu
1379 4473 1465 4538 liber

403 4571 532 4657 aliquis,
556 4574 796 4647 ornamentum,
820 4574 856 4634 et
878 4570 1118 4637 vestimentum
1149 4574 1204 4639 vel
1227 4573 1354 4660 aliquid
1377 4575 1466 4660 inde,

404 4671 633 4742 emendatione
657 4693 714 4737 seu
741 4672 866 4738 lotione
899 4673 1059 4762 indigeat,
1082 4676 1161 4744 huic
1183 4677 1370 4757 sacerdoti,²
1406 4680 1465 4766 qui

436 4854 445 4894 ¹
464 4852 609 4926 mpure?
946 4852 953 4922 Ι
999 4853 1073 4909 'loc
1082 4853 1285 4920 memsuis
