3350 5800
625 937 813 988 arrunmx.
1193 925 1259 992 369

198 1138 312 1195 Plaoebc
336 1145 367 1196 et
384 1139 493 1210 Diripe,
513 1155 581 1194 cum
608 1139 707 1194 souitu
726 1138 876 1205 mediocri,
895 1143 926 1194 et
951 1139 983 1193 iu
1008 1139 1140 1194 crastino
1163 1138 1257 1194 missa

196 1242 250 1296 pro
262 1222 393 1294 fidelitas
418 1223 621 1280 celebrabitur.
660 1223 692 1279 Si
710 1241 778 1279 vero
797 1223 864 1294 ipsa
881 1223 929 1278 dia
947 1224 1011 1278 haec
1028 1224 1094 1278 fieri
1114 1241 1174 1278 non
1191 1239 1257 1294 pos·

201 1306 261 1362 sint
278 1307 371 1364 altera
389 1305 437 1362 die
462 1307 686 1378 competentiori
704 1307 785 1363 fiant.
823 1308 863 1362 Et
881 1306 1007 1378 quilibet
1033 1307 1166 1363 sacerdos
1184 1309 1255 1364 mis·

203 1408 267 1446 sam
292 1409 346 1464 pro
370 1391 502 1464 fidelitas
531 1408 585 1461 pro
615 1409 650 1447 eo
679 1391 839 1446 celebrabit
868 1392 1036 1461 specialem,
1067 1393 1159 1446 ceteri
1187 1411 1257 1448 vero

203 1475 349 1530 inferioris
366 1473 479 1530 ordinis
497 1473 663 1545 quindecim
681 1475 810 1545 psalmos
827 1491 896 1529 cum
914 1491 974 1530 una
991 1474 1118 1530 collecta
1143 1475 1259 1530 Inclinc

203 1558 322 1614 Denta
348 1557 456 1615 dicent.
505 1559 544 1613 Et
568 1558 623 1612 hoc
647 1557 727 1613 idem
752 1559 785 1614 in
809 1557 942 1615 Ecclesia
967 1559 1069 1615 Sancti
1096 1559 1258 1630 Augustini

203 1641 255 1697 tlet
272 1657 325 1712 pro
342 1641 486 1699 monacho
504 1641 717 1700 Gautuariensi.

203 1889 332 1946 eu-Ns
349 1903 541 1946 mumulini
559 1903 638 1945 sumi
656 1903 870 1946 cosmmsrua
893 1903 976 1956 oum
994 1904 1026 1945 ns
1044 1888 1259 1947 (laurusmsun
1321 1907 1379 1948 nac.

453 1974 602 2040 Rccnssm,
621 1987 680 2029 ursi
700 1989 737 2028 us
755 1989 886 2029 moraris
903 1989 1018 2030 somus.
1272 2000 1337 2048 lar.

241 2108 403 2174 Universis,
423 2114 478 2165 etc.
507 2108 680 2164 Edmundus
707 2106 899 2178 permissione
916 2108 1018 2163 diviua
1043 2108 1388 2184 Cautuariensisphm.

205 2193 460 2265 archiepiscopus,
480 2199 536 2249 eto.
555 2195 681 2250 salutem
698 2193 730 2248 in
749 2193 884 2248 Domino.
923 2193 1008 2260 (lum,
1022 2211 1075 2264 per
1092 2195 1260 2251 libertatem
1272 2193 1420 2288 mrum

207 2277 425 2335 (lantuariensis
462 2277 611 2342 Ecclesia,
651 2277 830 2348 suffraganei
868 2275 1012 2348 ejusdem,
1043 2277 1107 2332 siue
1142 2292 1384 2350 msensuhynrc·

207 2359 336 2430 Capituli
362 2359 590 2424 cantuariensis,
617 2359 689 2413 alibi
723 2376 810 2431 quam
844 2359 876 2412 in
900 2359 1032 2414 Ecclesia
1060 2342 1388 2435 Cautuariensiffiffnd

205 2443 374 2499 nullatenus
392 2443 518 2498 debeant
544 2441 726 2510 consecrari;
750 2459 791 2496 ue
809 2441 989 2497 consecratio
1007 2445 1185 2500 venerabilis
1203 2447 1260 2500 sra-
1273 2443 1415 2536 deliine&

206 2527 260 2582 tris
285 2526 406 2581 Roberti
433 2525 613 2590 Grooeteste,
643 2523 866 2596 Lyncolniensie
893 2525 997 2589 illecti,
1017 2525 1048 2579 in
1074 2526 1199 2582 ecclesia
1223 2528 1338 2590 derna,

206 2609 349 2679 Badiuge,
368 2609 386 2663 a'
403 2607 488 2664 nobis
506 2607 687 2672 celebrande,
708 2606 795 2662 dictse
813 2607 954 2662 Ecclesia
978 2610 1072 2678 possit
1088 2611 1136 2664 vel
1155 2611 1261 2667 debeat
1272 2591 1393 2685 ffih⁰f⁰f

1316 2655 1376 2690 oon,

206 2691 408 2763 prejudicare,
435 2707 524 2762 quam
543 2691 575 2744 iu
598 2689 667 2761 jure
686 2706 739 2744 suo
757 2695 787 2745 et
805 2691 907 2761 quieta
931 2693 1113 2761 possessione
1136 2694 1260 2750 illaesam
1273 2704 1320 2735 Ν
1329 2705 1405 2735 ωΜ

207 2776 342 2831 volumus
375 2791 556 2839 conservare,
589 2774 836 2828 consecrationem
867 2773 961 2844 ipsam
991 2775 1023 2828 in
1053 2775 1155 2830 eodem
1185 2744 1392 2842 loco,}⁰1iiii⁴³dtby

207 2865 273 2931 post
308 2858 568 2915 contradictionem
595 2855 724 2928 Capituli
752 2855 969 2913 Gantuarionsis
994 2857 1142 2923 Ecclesia,
1182 2868 1259 2931 post·
1272 2842 1386 2938 {iffi-⁸3:25·

207 2943 326 2998 modum
344 2938 444 2999 tamen
471 2942 507 2997 de
527 2959 668 2997 consensu
686 2940 779 3012 ipsius
797 2959 815 2995 a
832 2942 917 2996 uobis
935 2943 1076 3013 requisito
1102 2945 1212 3013 pariter
1230 2944 1407 3004 etnsncrtne

206 3032 336 3097 optento,
356 3026 531 3081 celebratam
549 3025 639 3079 fuisse
658 3030 875 3094 protestamur;
895 3026 1028 3080 nolentes
1045 3026 1144 3098 aliquo
1161 3028 1258 3094 modo,
1273 2994 1425 3095 mliiiliob‘

206 3116 284 3183 quod
296 3109 463 3183 hujusmodi
482 3108 714 3165 consecrationes
727 3108 763 3162 de
776 3114 874 3163 cetero
892 3109 963 3165 alibi
982 3127 1069 3180 quam
1088 3111 1119 3164 in
1132 3110 1263 3168 Ecclesia
1274 3094 1415 3187 ffifflddm

206 3192 422 3257 Cautuariensi,
443 3192 520 3261 (nisi)
541 3191 577 3247 de
603 3190 751 3245 communi
773 3208 914 3247 consensu
933 3193 1025 3247 totius
1045 3192 1174 3263 Capituli
1199 3212 1261 3249 mo·
1274 3194 1377 3246 inevery

206 3278 367 3332 nachorum
386 3274 649 3339 cantuariensium,
676 3277 710 3329 ut
728 3272 902 3344 praedictum
921 3280 975 3339 est,
996 3276 1187 3331 celebrentur.
1224 3278 1261 3331 In
1274 3245 1415 3346 dirwy

207 3362 291 3433 cujus
308 3361 352 3415 rei
370 3358 571 3415 testimonium
599 3357 738 3427 prasenti
757 3358 867 3428 scripto
885 3358 1018 3429 sigillum
1038 3365 1182 3425 nostrum,
1202 3378 1262 3415 una
1274 3344 1414 3437 ffi‘ffiodffi

206 3462 273 3501 cum
306 3442 412 3514 sigillis
440 3440 650 3497 venerabilium
681 3440 807 3495 fratrum
837 3446 1015 3508 nostrorum,
1047 3443 1199 3498 uobiscum
1229 3444 1261 3497 in
1273 3445 1397 3537 pfthetlte

207 3526 422 3583 consecratione
457 3522 596 3594 praesenti
626 3521 825 3587 existentium,
857 3522 1005 3587 videlicet,
1034 3524 1181 3593 Jloceliui)
1206 3527 1261 3581 Ba·
1283 3506 1404 3539 ⁰m⁸¹⁰¹¹‘

206 3609 378 3673 thamensis,
411 3606 556 3673 R(oberti)
588 3604 840 3671 Sanisburiensis,
873 3604 1016 3676 Blogerii)
1035 3607 1259 3675 Londonieusis,

206 3692 363 3764 Hlugouis)
381 3690 515 3756 illienus,
535 3688 706 3759 Bladulphi)
725 3688 960 3754 Herefordeusis,
979 3693 1086 3762 apponi
1104 3693 1235 3750 secunus.

251 3941 446 4011 tlt-[Boura
464 3941 632 3997 Iuroornru
650 3940 734 3995 Pars
753 3940 881 3997 Saeuum
898 3956 935 3997 ns
953 3941 1094 3999 accmn
1113 3944 1218 4001 Sinon
1308 3934 1398 3982 ¹⁵³⁰·

558 4023 688 4078 Mearm
705 4038 743 4081 ua
760 4022 914 4093 novom]
1325 3988 1385 4031 Μ’

244 4158 435 4217 Innocentius
453 4158 624 4231 Episcopus,
639 4159 746 4215 Servus
765 4175 916 4215 servorum
934 4160 997 4227 Dei,
1012 4163 1171 4219 venerabili
1184 4163 1263 4237 patri
1273 4101 1416 4257 bobbium

208 4244 374 4303 Theobaldo
405 4243 609 4301 cantuariensi
637 4244 875 4317 Archiepiscopo,
902 4246 1019 4318 suisque
1048 4250 1261 4306 successoribus
1274 4254 1369 4298 centn.

208 4330 347 4387 cenomoe
365 4326 575 4384 substituendis
593 4328 807 4399 inperpetuum.
855 4328 1040 4385 Desiderium
1058 4332 1137 4401 quod
1162 4333 1201 4389 ad
1217 4354 1261 4390 re·
1273 4306 1397 4399 iiim.

208 4412 328 4485 ligionis
346 4412 526 4484 propositum
544 4416 574 4466 et
592 4412 757 4467 animarum
774 4414 899 4468 salutm
916 4415 1062 4485 pertinere
1075 4424 1260 4487 monstretur,
1274 4405 1409 4507 fflgffim

208 4502 326 4555 auctore
345 4497 416 4564 Deo,
435 4497 498 4552 sine
516 4497 615 4567 aliqua
632 4502 676 4551 est
687 4496 826 4553 dilatione
838 4499 1060 4570 complendum
1081 4507 1111 4556 et
1129 4503 1262 4573 quotiens
1274 4505 1345 4564 0¹⁸t,

207 4582 283 4638 illud
302 4601 320 4637 a
337 4580 420 4635 nobis
438 4580 548 4652 petitur
566 4580 643 4651 quod
660 4580 768 4635 rationi
785 4582 970 4651 cognoscitur
987 4586 1151 4651 convenire,
1164 4587 1262 4642 animo
1275 4556 1415 4649 minii&

211 4684 262 4722 nos
292 4664 378 4720 debet
407 4664 512 4719 libenti
542 4663 670 4731 concedi,
698 4670 727 4719 ct
761 4665 852 4736 justis
893 4667 1058 4737 petentium
1093 4671 1170 4725 votis
1197 4655 1419 4757 conssffissffiw

213 4766 323 4822 gruum
349 4747 496 4819 impertiri
523 4748 708 4819 suffragium.
745 4748 817 4803 'l'uis
844 4750 946 4817 igitur,
974 4751 1147 4807 venerabilis
1172 4754 1345 4810 inseratis
1354 4768 1404 4799 ⁸11⁹st

213 4831 380 4890 Theobalde
400 4830 620 4887 Oantuariensis
637 4830 874 4904 Archiepiscope,
894 4832 1117 4889 rationabilibus
1136 4838 1262 4909 postula.
1274 4808 1423 4857 ‘mmm

308 4928 335 4979 u
369 4926 459 4978 caen.
1060 4948 1085 4996 A
1106 4949 1131 4997 A
