3350 5800
425 773 489 838 158
887 789 1023 840 mma

420 974 644 1059 peragendum
683 976 919 1059 poenitentiam
953 977 1001 1042 eia
1039 981 1075 1042 et
1107 996 1223 1042 eorum
1261 975 1405 1060 utrique,
1440 978 1482 1037 ut

419 1073 607 1158 praefertur,
649 1076 844 1162 injunctam,
883 1079 921 1143 in
958 1078 1052 1145 dieta
1094 1083 1208 1144 vestra
1245 1073 1481 1143 Cantuariensi

419 1177 554 1244 eeclesia
577 1180 711 1266 publice
735 1181 867 1248 evocari
889 1181 975 1260 leci3
1006 1181 1066 1267 qui
1088 1181 1227 1266 quidem
1248 1179 1422 1245 Johannes
1443 1183 1480 1243 et

418 1275 561 1342 Thomas
603 1280 705 1366 juxta
736 1283 944 1348 vocationem
991 1281 1184 1368 hujusmodi
1220 1280 1356 1346 insimul
1391 1301 1479 1345 com·

417 1386 610 1463 paruerunt,
634 1387 668 1448 et
697 1384 833 1470 insuper
854 1383 1000 1450 camisiis
1021 1389 1058 1450 et
1085 1384 1214 1450 braccis
1236 1383 1306 1448 suis
1328 1387 1479 1448 temtum·

417 1482 515 1546 modo
537 1481 658 1562 induti,
679 1506 718 1551 ac
739 1486 822 1552 duos
845 1508 963 1564 cereos,
985 1493 1163 1572 utrumque
1185 1507 1298 1551 eorum
1322 1484 1480 1570 ponderis

418 1585 605 1667 praenotati,
640 1587 675 1651 in
710 1589 863 1654 manibus
886 1590 955 1654 suis
985 1594 1147 1676 gerentes,
1169 1588 1409 1674 processionem
1440 1586 1479 1648 in

418 1685 490 1769 ipsa
512 1686 656 1766 ecclesia,
679 1689 732 1754 die
755 1690 930 1757 Dominioo
960 1691 1114 1776 proximo
1138 1695 1213 1776 post
1244 1689 1366 1754 festum
1389 1686 1479 1752 Con-

417 1786 578 1871 ceptionis
610 1789 723 1856 Beatae
762 1791 876 1858 Mariae
910 1791 1061 1878 Virginis
1098 1792 1219 1857 ultimo
1258 1790 1478 1877 praeteritum,

417 1893 497 1954 tuno
522 1893 911 1980 temporo-solempniter
935 1894 1059 1961 factam
1081 1899 1329 1980 praecesserunt,
1344 1898 1381 1956 et
1402 1893 1477 1977 ipsa

416 1994 619 2076 processione
643 1995 679 2060 in
702 1997 781 2060 navi
804 1997 949 2064 ecclesiae
979 1998 1130 2077 durante,
1153 2018 1286 2064 cauam
1307 1996 1478 2081 poeniten-

416 2092 472 2158 tiaa
506 2095 685 2160 eorundem
708 2096 873 2164 iohannis
905 2105 940 2164 et
962 2098 1100 2164 Thomae
1122 2099 1274 2185 superius
1306 2118 1478 2183 expressa·

342 2245 346 2252 .
416 2200 494 2271 tam,
510 2217 567 2281 per
584 2196 735 2264 Fratrem
751 2197 912 2264 Thomam
926 2199 1031 2265 Assch
1048 2200 1146 2266 dictae
1162 2205 1283 2265 vestrae
1298 2197 1478 2264 cantuari·

415 2295 501 2362 ensis
525 2297 680 2364 Ecclesiae
703 2300 983 2379 commonachum,
1001 2302 1046 2366 ad
1068 2302 1319 2388 praedicandum
1336 2300 1477 2364 verbum

414 2396 477 2462 Dei
512 2399 599 2464 clero
632 2409 666 2466 et
698 2402 819 2487 populo
854 2404 891 2466 in
929 2403 1150 2469 multitudine
1181 2403 1316 2490 copiosa
1349 2401 1477 2466 ibidem

414 2502 634 2582 praesentibus
657 2504 785 2568 notorie
820 2504 1053 2583 constitutum,
1075 2506 1200 2592 exponi
1223 2506 1326 2572 etiam
1361 2509 1477 2590 aperte

415 2599 485 2680 feci,
520 2608 554 2668 et
585 2604 736 2690 specifice
774 2606 950 2672 declaravi.
996 2607 1135 2684 Deinde,
1159 2608 1232 2693 ipsa
1268 2606 1477 2692 prooessione

414 2701 519 2782 finita,
543 2705 642 2770 iidem
666 2705 836 2773 Johannes
867 2713 903 2772 et
925 2709 1068 2775 Thomas
1091 2708 1224 2786 Glover,
1245 2709 1345 2774 modo
1367 2707 1477 2794 poeni·

414 2805 547 2870 tentiali
578 2827 644 2892 quo
667 2808 895 2894 praemittitur,
918 2832 994 2876 oum
1027 2810 1126 2878 dictis
1160 2811 1230 2876 suis
1262 2811 1364 2876 cereis
1398 2810 1476 2874 illu·

414 2907 550 2973 minatis
572 2930 633 2994 per
655 2910 802 2975 medium
825 2912 918 2978 chori
951 2918 1072 2979 vestrae
1094 2914 1239 2980 ecclesiae
1270 2912 1476 2999 supradictas

413 3006 570 3073 feretrum
607 3008 724 3077 Sancti
756 3012 892 3079 Thomae
916 3014 1075 3100 Martyris
1111 3016 1354 3102 aggredientes,
1387 3015 1477 3099 ipsos

412 3127 521 3173 cereos
545 3110 740 3177 obtulerunt
763 3113 936 3180 humiliter
957 3122 993 3181 et
1015 3117 1145 3192 devote,
1168 3122 1205 3183 et
1226 3116 1351 3181 ibidem
1375 3116 1476 3179 dimi·

411 3215 525 3274 serunt
547 3212 685 3277 eosdem.
734 3214 779 3278 Et
802 3216 850 3281 sio
871 3218 1068 3283 mandatum
1094 3222 1245 3283 vestrum
1268 3217 1477 3282 reverendis-

410 3310 540 3388 simum,
563 3316 633 3378 tam
656 3314 692 3378 in
716 3315 862 3382 ccelesiis
883 3318 1128 3403 parochialibus
1151 3320 1193 3385 de
1212 3318 1475 3405 Wyghtresham

410 3415 444 3475 et
466 3410 635 3497 Apuldore
659 3418 864 3500 praenotatis,
887 3424 925 3482 ut
948 3418 1051 3486 michi
1072 3419 1178 3485 dabar
1200 3420 1356 3506 intelligi,
1372 3442 1474 3504 quam

408 3512 444 3575 in
478 3514 620 3597 praefata
653 3522 764 3583 vestra
791 3516 1027 3585 Cantuariensi
1063 3521 1210 3599 ecclesia,
1244 3527 1347 3606 prout
1378 3530 1478 3585 tenor

409 3612 557 3695 ejusdem
581 3616 731 3682 mandati
755 3620 860 3685 vestri
884 3621 920 3685 in
942 3642 978 3687 se
1001 3622 1110 3709 exigit
1133 3629 1167 3687 at
1189 3623 1343 3707 requirit,
1358 3622 1474 3687 obedi·

408 3718 502 3777 enter
524 3722 560 3780 et
582 3723 772 3784 reverenter
794 3720 907 3786 fuerat
929 3728 965 3787 et
987 3728 1040 3788 est
1063 3729 1250 3789 executum.
1298 3723 1341 3786 In
1375 3724 1474 3807 cujus

407 3814 453 3877 rei
477 3817 706 3883 testimonium
737 3820 886 3906 sigillum
909 3844 1021 3889 meum
1056 3846 1123 3909 quo
1146 3831 1225 3889 utor
1246 3824 1290 3889 ad
1326 3848 1474 3910 praeseus

404 3916 624 3996 praesentibus
648 3918 731 3983 duxi
755 3923 1001 4007 apponendum,
1025 3937 1091 3987 x¹¹¹⁰
1114 3926 1170 3991 die
1192 3925 1317 3990 mansis
1332 3926 1473 3991 Decem·

407 4014 471 4075 bris
489 4014 560 4097 jam
584 4016 750 4095 instantis,
775 4040 864 4087 anno
888 4022 1027 4090 Domini
1051 4025 1255 4111 supradicto.
