<?xml version="1.0" encoding="UTF-8"?>
<!DOCTYPE html PUBLIC "-//W3C//DTD XHTML 1.0 Transitional//EN"
    "http://www.w3.org/TR/xhtml1/DTD/xhtml1-transitional.dtd">
<html xmlns="http://www.w3.org/1999/xhtml" xml:lang="en" lang="en">
 <head>
  <title>
</title>
<meta http-equiv="Content-Type" content="text/html;charset=utf-8" />
  <meta name='ocr-system' content='tesseract 3.04.00' />
  <meta name='ocr-capabilities' content='ocr_page ocr_carea ocr_par ocr_line ocrx_word'/>
</head>
<body>
  <div class='ocr_page' id='page_1' title='image "./literaecantuari00shepgoog_0424.png"; bbox 0 0 3350 5800; ppageno 0'>
   <div class='ocr_carea' id='block_1_1' title="bbox 631 911 1255 973">
    <p class='ocr_par' dir='ltr' id='par_1_1' title="bbox 631 911 1255 973">
     <span class='ocr_line' id='line_1_1' title="bbox 631 911 1255 973; baseline 0.005 -3"><span class='ocrx_word' id='word_1_1' title='bbox 631 920 815 971; x_wconf 74' lang='lat' dir='ltr'><strong>arranem.</strong></span> <span class='ocrx_word' id='word_1_2' title='bbox 1191 911 1255 973; x_wconf 80' lang='lat'><strong>³53</strong></span> 
     </span>
    </p>
   </div>
   <div class='ocr_carea' id='block_1_2' title="bbox 198 1109 1270 2099">
    <p class='ocr_par' dir='ltr' id='par_1_2' title="bbox 198 1109 1270 2099">
     <span class='ocr_line' id='line_1_2' title="bbox 199 1109 1255 1180; baseline 0.001 -15"><span class='ocrx_word' id='word_1_3' title='bbox 199 1110 265 1180; x_wconf 89' lang='lat' dir='ltr'><strong>quis</strong></span> <span class='ocrx_word' id='word_1_4' title='bbox 282 1126 384 1170; x_wconf 88' lang='lat' dir='ltr'><strong>eorum</strong></span> <span class='ocrx_word' id='word_1_5' title='bbox 402 1109 430 1164; x_wconf 92' lang='lat' dir='ltr'><strong>ei</strong></span> <span class='ocrx_word' id='word_1_6' title='bbox 448 1111 645 1165; x_wconf 77' lang='lat' dir='ltr'><strong>reverentiam</strong></span> <span class='ocrx_word' id='word_1_7' title='bbox 662 1109 798 1164; x_wconf 80' lang='lat' dir='ltr'><strong>exhibeat</strong></span> <span class='ocrx_word' id='word_1_8' title='bbox 824 1109 1032 1179; x_wconf 85' lang='lat' dir='ltr'><strong>pontificalem.</strong></span> <span class='ocrx_word' id='word_1_9' title='bbox 1069 1110 1147 1165; x_wconf 88' lang='lat' dir='ltr'><strong>Loca</strong></span> <span class='ocrx_word' id='word_1_10' title='bbox 1165 1112 1255 1167; x_wconf 89' lang='lat' dir='ltr'><strong>etiam</strong></span> 
     </span>
     <span class='ocr_line' id='line_1_3' title="bbox 200 1191 1257 1265; baseline 0.003 -18"><span class='ocrx_word' id='word_1_11' title='bbox 200 1193 299 1248; x_wconf 90' lang='lat' dir='ltr'><strong>omnia</strong></span> <span class='ocrx_word' id='word_1_12' title='bbox 315 1192 454 1248; x_wconf 74' lang='lat' dir='ltr'><strong>Ecclesia</strong></span> <span class='ocrx_word' id='word_1_13' title='bbox 472 1191 677 1249; x_wconf 67' lang='lat' dir='ltr'>cantuariensi</span> <span class='ocrx_word' id='word_1_14' title='bbox 689 1196 720 1246; x_wconf 90' lang='lat' dir='ltr'><strong>et</strong></span> <span class='ocrx_word' id='word_1_15' title='bbox 744 1192 826 1247; x_wconf 83' lang='lat' dir='ltr'><strong>vobis</strong></span> <span class='ocrx_word' id='word_1_16' title='bbox 845 1193 986 1263; x_wconf 86' lang='lat' dir='ltr'><strong>subjecta,</strong></span> <span class='ocrx_word' id='word_1_17' title='bbox 1006 1210 1058 1265; x_wconf 93' lang='lat' dir='ltr'><strong>per</strong></span> <span class='ocrx_word' id='word_1_18' title='bbox 1076 1210 1141 1265; x_wconf 83' lang='lat' dir='ltr'><strong>ques</strong></span> <span class='ocrx_word' id='word_1_19' title='bbox 1160 1199 1257 1250; x_wconf 81' lang='lat' dir='ltr'><strong>erecta</strong></span> 
     </span>
     <span class='ocr_line' id='line_1_4' title="bbox 200 1274 1250 1346; baseline 0.002 -15"><span class='ocrx_word' id='word_1_20' title='bbox 200 1292 284 1331; x_wconf 89' lang='lat' dir='ltr'><strong>cruce</strong></span> <span class='ocrx_word' id='word_1_21' title='bbox 309 1276 466 1332; x_wconf 75' lang='lat' dir='ltr'><strong>transitum</strong></span> <span class='ocrx_word' id='word_1_22' title='bbox 494 1275 591 1339; x_wconf 78' lang='lat' dir='ltr'><strong>faciet,</strong></span> <span class='ocrx_word' id='word_1_23' title='bbox 606 1274 746 1345; x_wconf 86' lang='lat' dir='ltr'><strong>quamdin</strong></span> <span class='ocrx_word' id='word_1_24' title='bbox 772 1274 804 1329; x_wconf 93' lang='lat' dir='ltr'><strong>iu</strong></span> <span class='ocrx_word' id='word_1_25' title='bbox 832 1275 903 1346; x_wconf 86' lang='lat' dir='ltr'><strong>ipsis</strong></span> <span class='ocrx_word' id='word_1_26' title='bbox 929 1293 1042 1331; x_wconf 86' lang='lat' dir='ltr'><strong>morem</strong></span> <span class='ocrx_word' id='word_1_27' title='bbox 1069 1277 1193 1333; x_wconf 85' lang='lat' dir='ltr'><strong>traxerit</strong></span> <span class='ocrx_word' id='word_1_28' title='bbox 1218 1279 1250 1333; x_wconf 90' lang='lat' dir='ltr'><strong>in</strong></span> 
     </span>
     <span class='ocr_line' id='line_1_5' title="bbox 199 1358 1253 1430; baseline 0.001 -17"><span class='ocrx_word' id='word_1_29' title='bbox 199 1359 293 1414; x_wconf 80' lang='lat' dir='ltr'><strong>forma</strong></span> <span class='ocrx_word' id='word_1_30' title='bbox 307 1358 384 1430; x_wconf 88' lang='lat' dir='ltr'><strong>juris</strong></span> <span class='ocrx_word' id='word_1_31' title='bbox 409 1358 569 1413; x_wconf 89' lang='lat' dir='ltr'><strong>interdicto</strong></span> <span class='ocrx_word' id='word_1_32' title='bbox 594 1358 792 1413; x_wconf 87' lang='lat' dir='ltr'><strong>ecclesiastico</strong></span> <span class='ocrx_word' id='word_1_33' title='bbox 818 1359 998 1429; x_wconf 71' lang='lat' dir='ltr'><strong>supponatis.</strong></span> <span class='ocrx_word' id='word_1_34' title='bbox 1036 1359 1182 1414; x_wconf 88' lang='lat' dir='ltr'><strong>Moneatis</strong></span> <span class='ocrx_word' id='word_1_35' title='bbox 1208 1361 1253 1414; x_wconf 89' lang='lat' dir='ltr'><strong>in-</strong></span> 
     </span>
     <span class='ocr_line' id='line_1_6' title="bbox 200 1439 1255 1514; baseline 0 -17"><span class='ocrx_word' id='word_1_36' title='bbox 200 1458 288 1514; x_wconf 90' lang='lat' dir='ltr'><strong>super</strong></span> <span class='ocrx_word' id='word_1_37' title='bbox 314 1458 414 1502; x_wconf 87' lang='lat' dir='ltr'><strong>omnes</strong></span> <span class='ocrx_word' id='word_1_38' title='bbox 432 1439 570 1496; x_wconf 71' lang='lat' dir='ltr'><strong>Ecclesiae</strong></span> <span class='ocrx_word' id='word_1_39' title='bbox 601 1439 820 1497; x_wconf 70' lang='lat' dir='ltr'><strong>cantuariensis</strong></span> <span class='ocrx_word' id='word_1_40' title='bbox 852 1446 881 1495; x_wconf 88' lang='lat' dir='ltr'><strong>et</strong></span> <span class='ocrx_word' id='word_1_41' title='bbox 908 1448 1012 1496; x_wconf 78' lang='lat' dir='ltr'><strong>restrae</strong></span> <span class='ocrx_word' id='word_1_42' title='bbox 1037 1441 1255 1511; x_wconf 87' lang='lat' dir='ltr'><strong>jurisdictionis</strong></span> 
     </span>
     <span class='ocr_line' id='line_1_7' title="bbox 199 1521 1254 1595; baseline 0.001 -16"><span class='ocrx_word' id='word_1_43' title='bbox 199 1524 340 1589; x_wconf 89' lang='lat' dir='ltr'><strong>subditos,</strong></span> <span class='ocrx_word' id='word_1_44' title='bbox 364 1524 418 1579; x_wconf 91' lang='lat' dir='ltr'><strong>sub</strong></span> <span class='ocrx_word' id='word_1_45' title='bbox 444 1541 531 1595; x_wconf 82' lang='lat' dir='ltr'><strong>poena</strong></span> <span class='ocrx_word' id='word_1_46' title='bbox 558 1521 869 1579; x_wconf 82' lang='lat' dir='ltr'><strong>excommunicat-iouis</strong></span> <span class='ocrx_word' id='word_1_47' title='bbox 900 1523 1027 1595; x_wconf 86' lang='lat' dir='ltr'><strong>majoris,</strong></span> <span class='ocrx_word' id='word_1_48' title='bbox 1044 1541 1080 1578; x_wconf 89' lang='lat' dir='ltr'><strong>ne</strong></span> <span class='ocrx_word' id='word_1_49' title='bbox 1099 1524 1163 1594; x_wconf 90' lang='lat' dir='ltr'><strong>quis</strong></span> <span class='ocrx_word' id='word_1_50' title='bbox 1181 1543 1254 1595; x_wconf 80' lang='lat' dir='ltr'><strong>prae·</strong></span> 
     </span>
     <span class='ocr_line' id='line_1_8' title="bbox 199 1604 1254 1677; baseline 0.005 -17"><span class='ocrx_word' id='word_1_51' title='bbox 199 1608 262 1661; x_wconf 82' lang='lat' dir='ltr'><strong>fate</strong></span> <span class='ocrx_word' id='word_1_52' title='bbox 288 1605 405 1661; x_wconf 90' lang='lat' dir='ltr'><strong>dominc</strong></span> <span class='ocrx_word' id='word_1_53' title='bbox 422 1606 650 1677; x_wconf 81' lang='lat' dir='ltr'><strong>Archiepiscopo</strong></span> <span class='ocrx_word' id='word_1_54' title='bbox 669 1604 853 1670; x_wconf 84' lang='lat' dir='ltr'><strong>Ebcrecensi,</strong></span> <span class='ocrx_word' id='word_1_55' title='bbox 873 1607 904 1660; x_wconf 93' lang='lat' dir='ltr'><strong>in</strong></span> <span class='ocrx_word' id='word_1_56' title='bbox 924 1606 978 1661; x_wconf 89' lang='lat' dir='ltr'><strong>hoc</strong></span> <span class='ocrx_word' id='word_1_57' title='bbox 1005 1607 1082 1662; x_wconf 81' lang='lat' dir='ltr'><strong>facto</strong></span> <span class='ocrx_word' id='word_1_58' title='bbox 1098 1642 1101 1647; x_wconf 91' lang='lat'>-</span> <span class='ocrx_word' id='word_1_59' title='bbox 1116 1606 1254 1665; x_wconf 77' lang='lat' dir='ltr'><strong>Ecclesia</strong></span> 
     </span>
     <span class='ocr_line' id='line_1_9' title="bbox 199 1688 1251 1761; baseline 0.002 -18"><span class='ocrx_word' id='word_1_60' title='bbox 199 1688 405 1744; x_wconf 68' lang='lat' dir='ltr'><strong>cantuariensi</strong></span> <span class='ocrx_word' id='word_1_61' title='bbox 431 1688 634 1761; x_wconf 78' lang='lat' dir='ltr'><strong>praejudiciali,</strong></span> <span class='ocrx_word' id='word_1_62' title='bbox 662 1688 830 1759; x_wconf 92' lang='lat' dir='ltr'><strong>aliqualiter</strong></span> <span class='ocrx_word' id='word_1_63' title='bbox 856 1688 1061 1753; x_wconf 88' lang='lat' dir='ltr'><strong>communicet,</strong></span> <span class='ocrx_word' id='word_1_64' title='bbox 1087 1706 1151 1756; x_wconf 90' lang='lat' dir='ltr'><strong>neo,</strong></span> <span class='ocrx_word' id='word_1_65' title='bbox 1174 1691 1251 1745; x_wconf 89' lang='lat' dir='ltr'><strong>olam</strong></span> 
     </span>
     <span class='ocr_line' id='line_1_10' title="bbox 199 1773 1251 1845; baseline 0.001 -16"><span class='ocrx_word' id='word_1_66' title='bbox 199 1774 247 1830; x_wconf 82' lang='lat' dir='ltr'><strong>rel</strong></span> <span class='ocrx_word' id='word_1_67' title='bbox 270 1774 378 1845; x_wconf 91' lang='lat' dir='ltr'><strong>palam,</strong></span> <span class='ocrx_word' id='word_1_68' title='bbox 407 1773 503 1829; x_wconf 85' lang='lat' dir='ltr'><strong>eidem</strong></span> <span class='ocrx_word' id='word_1_69' title='bbox 529 1778 652 1844; x_wconf 83' lang='lat' dir='ltr'><strong>praestet</strong></span> <span class='ocrx_word' id='word_1_70' title='bbox 677 1773 829 1838; x_wconf 84' lang='lat' dir='ltr'><strong>auxilium,</strong></span> <span class='ocrx_word' id='word_1_71' title='bbox 851 1774 1016 1841; x_wconf 89' lang='lat' dir='ltr'><strong>consilium,</strong></span> <span class='ocrx_word' id='word_1_72' title='bbox 1037 1774 1085 1831; x_wconf 86' lang='lat' dir='ltr'><strong>vel</strong></span> <span class='ocrx_word' id='word_1_73' title='bbox 1110 1776 1251 1831; x_wconf 85' lang='lat' dir='ltr'><strong>faverem.</strong></span> 
     </span>
     <span class='ocr_line' id='line_1_11' title="bbox 199 1857 1256 1931; baseline 0.002 -18"><span class='ocrx_word' id='word_1_74' title='bbox 199 1857 276 1927; x_wconf 78' lang='lat' dir='ltr'><strong>Quid</strong></span> <span class='ocrx_word' id='word_1_75' title='bbox 294 1863 392 1914; x_wconf 88' lang='lat' dir='ltr'><strong>autem</strong></span> <span class='ocrx_word' id='word_1_76' title='bbox 410 1858 572 1929; x_wconf 85' lang='lat' dir='ltr'><strong>superbiis</strong></span> <span class='ocrx_word' id='word_1_77' title='bbox 590 1858 722 1914; x_wconf 86' lang='lat' dir='ltr'><strong>feceritis</strong></span> <span class='ocrx_word' id='word_1_78' title='bbox 742 1876 804 1923; x_wconf 88' lang='lat' dir='ltr'><strong>uos,</strong></span> <span class='ocrx_word' id='word_1_79' title='bbox 825 1858 903 1914; x_wconf 88' lang='lat' dir='ltr'><strong>iufra</strong></span> <span class='ocrx_word' id='word_1_80' title='bbox 922 1858 1091 1928; x_wconf 88' lang='lat' dir='ltr'><strong>quindecim</strong></span> <span class='ocrx_word' id='word_1_81' title='bbox 1109 1859 1171 1915; x_wconf 86' lang='lat' dir='ltr'><strong>dies</strong></span> <span class='ocrx_word' id='word_1_82' title='bbox 1189 1866 1256 1931; x_wconf 88' lang='lat' dir='ltr'><strong>post</strong></span> 
     </span>
     <span class='ocr_line' id='line_1_12' title="bbox 198 1942 1270 2023; baseline 0.003 -25"><span class='ocrx_word' id='word_1_83' title='bbox 198 1945 394 2014; x_wconf 73' lang='lat' dir='ltr'><strong>receptionem</strong></span> <span class='ocrx_word' id='word_1_84' title='bbox 430 1944 631 2015; x_wconf 81' lang='lat' dir='ltr'><strong>presentium,</strong></span> <span class='ocrx_word' id='word_1_85' title='bbox 669 1942 845 2007; x_wconf 85' lang='lat' dir='ltr'><strong>certificetis,</strong></span> <span class='ocrx_word' id='word_1_86' title='bbox 894 1961 946 2015; x_wconf 89' lang='lat' dir='ltr'><strong>per</strong></span> <span class='ocrx_word' id='word_1_87' title='bbox 983 1944 1097 2000; x_wconf 81' lang='lat' dir='ltr'><strong>litteras</strong></span> <span class='ocrx_word' id='word_1_88' title='bbox 1142 1950 1270 2023; x_wconf 73' lang='lat' dir='ltr'><strong>vestrae¹</strong></span> 
     </span>
     <span class='ocr_line' id='line_1_13' title="bbox 201 2026 972 2099; baseline -0.003 -16"><span class='ocrx_word' id='word_1_89' title='bbox 201 2033 335 2099; x_wconf 83' lang='lat' dir='ltr'><strong>patentes</strong></span> <span class='ocrx_word' id='word_1_90' title='bbox 353 2028 457 2082; x_wconf 77' lang='lat' dir='ltr'><strong>harum</strong></span> <span class='ocrx_word' id='word_1_91' title='bbox 475 2026 581 2082; x_wconf 86' lang='lat' dir='ltr'><strong>seriem</strong></span> <span class='ocrx_word' id='word_1_92' title='bbox 600 2026 792 2082; x_wconf 86' lang='lat' dir='ltr'><strong>continentes.</strong></span> <span class='ocrx_word' id='word_1_93' title='bbox 830 2027 897 2081; x_wconf 88' lang='lat' dir='ltr'><strong>Dat.</strong></span> <span class='ocrx_word' id='word_1_94' title='bbox 918 2032 972 2081; x_wconf 90' lang='lat' dir='ltr'><strong>ete.</strong></span> 
     </span>
    </p>
   </div>
   <div class='ocr_carea' id='block_1_3' title="bbox 333 2286 1388 2384">
    <p class='ocr_par' dir='ltr' id='par_1_3' title="bbox 333 2286 1388 2384">
     <span class='ocr_line' id='line_1_14' title="bbox 333 2286 1388 2384; baseline 0.01 -42"><span class='ocrx_word' id='word_1_95' title='bbox 333 2288 443 2344; x_wconf 83' lang='lat' dir='ltr'><strong>3.-De</strong></span> <span class='ocrx_word' id='word_1_96' title='bbox 460 2302 550 2343; x_wconf 72' lang='lat' dir='ltr'><strong>mooe</strong></span> <span class='ocrx_word' id='word_1_97' title='bbox 567 2286 693 2342; x_wconf 66' lang='lat' dir='ltr'><strong>henou</strong></span> <span class='ocrx_word' id='word_1_98' title='bbox 710 2300 769 2342; x_wconf 79' lang='lat' dir='ltr'><strong>son</strong></span> <span class='ocrx_word' id='word_1_99' title='bbox 786 2301 935 2342; x_wconf 77' lang='lat' dir='ltr'><strong>marsum</strong></span> <span class='ocrx_word' id='word_1_100' title='bbox 954 2286 1118 2343; x_wconf 79' lang='lat' dir='ltr'><strong>Lornonrrs.</strong></span> <span class='ocrx_word' id='word_1_101' title='bbox 1310 2329 1388 2384; x_wconf 36' lang='lat'>(130⁸.)</span> 
     </span>
    </p>
   </div>
   <div class='ocr_carea' id='block_1_4' title="bbox 202 2418 1431 4905">
    <p class='ocr_par' dir='ltr' id='par_1_4' title="bbox 202 2418 1431 4905">
     <span class='ocr_line' id='line_1_15' title="bbox 237 2418 1342 2492; baseline -0.004 -13"><span class='ocrx_word' id='word_1_102' title='bbox 237 2424 381 2479; x_wconf 85' lang='lat' dir='ltr'><strong>Robertus</strong></span> <span class='ocrx_word' id='word_1_103' title='bbox 416 2420 660 2492; x_wconf 82' lang='lat' dir='ltr'><strong>Archiepiscopus</strong></span> <span class='ocrx_word' id='word_1_104' title='bbox 703 2418 930 2486; x_wconf 85' lang='lat' dir='ltr'><strong>Oantnariensis,</strong></span> <span class='ocrx_word' id='word_1_105' title='bbox 967 2420 1136 2476; x_wconf 83' lang='lat' dir='ltr'><strong>Venerabili</strong></span> <span class='ocrx_word' id='word_1_106' title='bbox 1171 2421 1255 2478; x_wconf 80' lang='lat' dir='ltr'><strong>fratri</strong></span> <span class='ocrx_word' id='word_1_107' title='bbox 1269 2430 1288 2474; x_wconf 91' lang='lat'><strong>1.</strong></span> <span class='ocrx_word' id='word_1_108' title='bbox 1297 2432 1342 2475; x_wconf 79' lang='lat' dir='ltr'><strong>ets.</strong></span> 
     </span>
     <span class='ocr_line' id='line_1_16' title="bbox 203 2503 1411 2585; baseline -0.002 -23"><span class='ocrx_word' id='word_1_109' title='bbox 203 2506 356 2579; x_wconf 78' lang='lat' dir='ltr'><strong>liudulpho</strong></span> <span class='ocrx_word' id='word_1_110' title='bbox 374 2504 476 2561; x_wconf 82' lang='lat' dir='ltr'><strong>eedem</strong></span> <span class='ocrx_word' id='word_1_111' title='bbox 494 2505 592 2575; x_wconf 81' lang='lat' dir='ltr'><strong>gratia</strong></span> <span class='ocrx_word' id='word_1_112' title='bbox 609 2504 752 2574; x_wconf 80' lang='lat' dir='ltr'><strong>Episcopo</strong></span> <span class='ocrx_word' id='word_1_113' title='bbox 777 2503 983 2570; x_wconf 87' lang='lat' dir='ltr'><strong>Londoniensi,</strong></span> <span class='ocrx_word' id='word_1_114' title='bbox 1012 2511 1066 2561; x_wconf 88' lang='lat' dir='ltr'><strong>etc.</strong></span> <span class='ocrx_word' id='word_1_115' title='bbox 1105 2505 1179 2562; x_wconf 84' lang='lat' dir='ltr'><strong>Cum</strong></span> <span class='ocrx_word' id='word_1_116' title='bbox 1197 2507 1254 2561; x_wconf 93' lang='lat' dir='ltr'><strong>De·</strong></span> <span class='ocrx_word' id='word_1_117' title='bbox 1267 2532 1411 2585; x_wconf 54' lang='lat' dir='ltr'><strong>mmm„</strong></span> 
     </span>
     <span class='ocr_line' id='line_1_17' title="bbox 202 2583 1413 2677; baseline 0 -31"><span class='ocrx_word' id='word_1_118' title='bbox 202 2591 300 2646; x_wconf 90' lang='lat' dir='ltr'><strong>miuus</strong></span> <span class='ocrx_word' id='word_1_119' title='bbox 329 2589 521 2645; x_wconf 79' lang='lat' dir='ltr'><strong>Eborecensis</strong></span> <span class='ocrx_word' id='word_1_120' title='bbox 548 2586 790 2659; x_wconf 80' lang='lat' dir='ltr'><strong>Arehiepiseopue</strong></span> <span class='ocrx_word' id='word_1_121' title='bbox 819 2586 857 2643; x_wconf 83' lang='lat' dir='ltr'><strong>ad</strong></span> <span class='ocrx_word' id='word_1_122' title='bbox 886 2588 998 2644; x_wconf 85' lang='lat' dir='ltr'><strong>instans</strong></span> <span class='ocrx_word' id='word_1_123' title='bbox 1028 2590 1255 2661; x_wconf 80' lang='lat' dir='ltr'><strong>parliamentum</strong></span> <span class='ocrx_word' id='word_1_124' title='bbox 1268 2583 1413 2677; x_wconf 54' lang='lat' dir='ltr'><strong>{ffiffiffi&#39;</strong></span> 
     </span>
     <span class='ocr_line' id='line_1_18' title="bbox 203 2671 1406 2748; baseline -0.004 -17"><span class='ocrx_word' id='word_1_125' title='bbox 203 2673 323 2731; x_wconf 90' lang='lat' dir='ltr'><strong>Domini</strong></span> <span class='ocrx_word' id='word_1_126' title='bbox 349 2674 442 2745; x_wconf 78' lang='lat' dir='ltr'><strong>Regis</strong></span> <span class='ocrx_word' id='word_1_127' title='bbox 467 2672 668 2745; x_wconf 88' lang='lat' dir='ltr'><strong>personaliter,</strong></span> <span class='ocrx_word' id='word_1_128' title='bbox 696 2677 730 2727; x_wconf 90' lang='lat' dir='ltr'><strong>ut</strong></span> <span class='ocrx_word' id='word_1_129' title='bbox 754 2671 873 2735; x_wconf 86' lang='lat' dir='ltr'><strong>dicitur,</strong></span> <span class='ocrx_word' id='word_1_130' title='bbox 901 2671 940 2727; x_wconf 90' lang='lat' dir='ltr'><strong>sit</strong></span> <span class='ocrx_word' id='word_1_131' title='bbox 966 2680 1117 2739; x_wconf 88' lang='lat' dir='ltr'><strong>venturus,</strong></span> <span class='ocrx_word' id='word_1_132' title='bbox 1136 2692 1184 2739; x_wconf 90' lang='lat' dir='ltr'><strong>ne,</strong></span> <span class='ocrx_word' id='word_1_133' title='bbox 1204 2694 1256 2748; x_wconf 86' lang='lat' dir='ltr'><strong>per</strong></span> <span class='ocrx_word' id='word_1_134' title='bbox 1268 2684 1338 2745; x_wconf 69' lang='lat' dir='ltr'><strong>recall</strong></span> <span class='ocrx_word' id='word_1_135' title='bbox 1348 2686 1406 2727; x_wconf 73' lang='lat' dir='ltr'><strong>nem</strong></span> 
     </span>
     <span class='ocr_line' id='line_1_19' title="bbox 202 2735 1424 2835; baseline -0.001 -21"><span class='ocrx_word' id='word_1_136' title='bbox 202 2758 382 2832; x_wconf 82' lang='lat' dir='ltr'><strong>provinciam</strong></span> <span class='ocrx_word' id='word_1_137' title='bbox 406 2762 536 2812; x_wconf 90' lang='lat' dir='ltr'><strong>nostram</strong></span> <span class='ocrx_word' id='word_1_138' title='bbox 563 2754 641 2810; x_wconf 83' lang='lat' dir='ltr'><strong>iufra</strong></span> <span class='ocrx_word' id='word_1_139' title='bbox 666 2759 777 2811; x_wconf 85' lang='lat' dir='ltr'><strong>vestras</strong></span> <span class='ocrx_word' id='word_1_140' title='bbox 803 2755 953 2811; x_wconf 90' lang='lat' dir='ltr'><strong>civitatem</strong></span> <span class='ocrx_word' id='word_1_141' title='bbox 981 2762 1012 2813; x_wconf 88' lang='lat' dir='ltr'><strong>et</strong></span> <span class='ocrx_word' id='word_1_142' title='bbox 1038 2756 1186 2814; x_wconf 87' lang='lat' dir='ltr'><strong>dioecesim</strong></span> <span class='ocrx_word' id='word_1_143' title='bbox 1211 2760 1255 2813; x_wconf 89' lang='lat' dir='ltr'><strong>in·</strong></span> <span class='ocrx_word' id='word_1_144' title='bbox 1268 2735 1424 2835; x_wconf 54' lang='lat' dir='ltr'><strong>{fflffiff}</strong></span> 
     </span>
     <span class='ocr_line' id='line_1_20' title="bbox 204 2834 1406 2908; baseline -0.002 -9"><span class='ocrx_word' id='word_1_145' title='bbox 204 2842 317 2907; x_wconf 87' lang='lat' dir='ltr'><strong>cedens,</strong></span> <span class='ocrx_word' id='word_1_146' title='bbox 346 2856 462 2901; x_wconf 84' lang='lat' dir='ltr'><strong>crucem</strong></span> <span class='ocrx_word' id='word_1_147' title='bbox 493 2855 575 2894; x_wconf 87' lang='lat' dir='ltr'><strong>suam</strong></span> <span class='ocrx_word' id='word_1_148' title='bbox 606 2854 703 2893; x_wconf 89' lang='lat' dir='ltr'><strong>eoram</strong></span> <span class='ocrx_word' id='word_1_149' title='bbox 728 2853 759 2891; x_wconf 88' lang='lat' dir='ltr'><strong>se</strong></span> <span class='ocrx_word' id='word_1_150' title='bbox 787 2837 862 2908; x_wconf 82' lang='lat' dir='ltr'><strong>erigi</strong></span> <span class='ocrx_word' id='word_1_151' title='bbox 892 2839 981 2894; x_wconf 85' lang='lat' dir='ltr'><strong>faciat</strong></span> <span class='ocrx_word' id='word_1_152' title='bbox 1008 2840 1052 2894; x_wconf 87' lang='lat' dir='ltr'><strong>vel</strong></span> <span class='ocrx_word' id='word_1_153' title='bbox 1083 2840 1201 2908; x_wconf 78' lang='lat' dir='ltr'><strong>deferri,</strong></span> <span class='ocrx_word' id='word_1_154' title='bbox 1220 2834 1406 2898; x_wconf 66' lang='lat' dir='ltr'><strong>ne⁰fl¹¹0¹⁰f⁰·</strong></span> 
     </span>
     <span class='ocr_line' id='line_1_21' title="bbox 205 2886 1431 2998; baseline -0.002 -15"><span class='ocrx_word' id='word_1_155' title='bbox 205 2927 298 2983; x_wconf 90' lang='lat' dir='ltr'><strong>etiam</strong></span> <span class='ocrx_word' id='word_1_156' title='bbox 316 2925 472 2998; x_wconf 87' lang='lat' dir='ltr'><strong>populares</strong></span> <span class='ocrx_word' id='word_1_157' title='bbox 490 2921 649 2977; x_wconf 82' lang='lat' dir='ltr'><strong>earundem</strong></span> <span class='ocrx_word' id='word_1_158' title='bbox 668 2920 797 2977; x_wconf 84' lang='lat' dir='ltr'><strong>civitatis</strong></span> <span class='ocrx_word' id='word_1_159' title='bbox 815 2940 849 2978; x_wconf 89' lang='lat' dir='ltr'><strong>ae</strong></span> <span class='ocrx_word' id='word_1_160' title='bbox 867 2922 1001 2978; x_wconf 87' lang='lat' dir='ltr'><strong>dioeeesis</strong></span> <span class='ocrx_word' id='word_1_161' title='bbox 1025 2931 1129 2980; x_wconf 76' lang='lat' dir='ltr'><strong>vestrm</strong></span> <span class='ocrx_word' id='word_1_162' title='bbox 1149 2931 1179 2980; x_wconf 91' lang='lat' dir='ltr'><strong>et</strong></span> <span class='ocrx_word' id='word_1_163' title='bbox 1196 2896 1339 2997; x_wconf 44' lang='lat' dir='ltr'><strong>pro-”¹⁸⁸</strong></span> <span class='ocrx_word' id='word_1_164' title='bbox 1356 2886 1431 2931; x_wconf 53' lang='lat' dir='ltr'><strong>lem</strong></span> 
     </span>
     <span class='ocr_line' id='line_1_22' title="bbox 204 3004 1259 3080; baseline -0.003 -15"><span class='ocrx_word' id='word_1_165' title='bbox 204 3010 309 3066; x_wconf 82' lang='lat' dir='ltr'><strong>vineiae</strong></span> <span class='ocrx_word' id='word_1_166' title='bbox 327 3014 436 3065; x_wconf 62' lang='lat' dir='ltr'><strong>nostae</strong></span> <span class='ocrx_word' id='word_1_167' title='bbox 454 3005 622 3062; x_wconf 88' lang='lat' dir='ltr'><strong>inclinando</strong></span> <span class='ocrx_word' id='word_1_168' title='bbox 647 3004 900 3060; x_wconf 85' lang='lat' dir='ltr'><strong>benedictionibus</strong></span> <span class='ocrx_word' id='word_1_169' title='bbox 918 3006 1010 3078; x_wconf 89' lang='lat' dir='ltr'><strong>ipsius</strong></span> <span class='ocrx_word' id='word_1_170' title='bbox 1029 3007 1259 3080; x_wconf 88' lang='lat' dir='ltr'><strong>Archiepiecopi,</strong></span> 
     </span>
     <span class='ocr_line' id='line_1_23' title="bbox 205 3087 1262 3163; baseline -0.001 -14"><span class='ocrx_word' id='word_1_171' title='bbox 205 3099 234 3150; x_wconf 87' lang='lat' dir='ltr'><strong>et</strong></span> <span class='ocrx_word' id='word_1_172' title='bbox 252 3094 320 3148; x_wconf 89' lang='lat' dir='ltr'><strong>aliis</strong></span> <span class='ocrx_word' id='word_1_173' title='bbox 338 3091 442 3156; x_wconf 85' lang='lat' dir='ltr'><strong>modis,</strong></span> <span class='ocrx_word' id='word_1_174' title='bbox 462 3100 563 3146; x_wconf 89' lang='lat' dir='ltr'><strong>contra</strong></span> <span class='ocrx_word' id='word_1_175' title='bbox 580 3087 770 3144; x_wconf 87' lang='lat' dir='ltr'><strong>inhibitiones</strong></span> <span class='ocrx_word' id='word_1_176' title='bbox 789 3089 933 3158; x_wconf 89' lang='lat' dir='ltr'><strong>publicas,</strong></span> <span class='ocrx_word' id='word_1_177' title='bbox 954 3095 1014 3145; x_wconf 87' lang='lat' dir='ltr'><strong>tam</strong></span> <span class='ocrx_word' id='word_1_178' title='bbox 1033 3107 1086 3162; x_wconf 92' lang='lat' dir='ltr'><strong>per</strong></span> <span class='ocrx_word' id='word_1_179' title='bbox 1104 3107 1156 3145; x_wconf 90' lang='lat' dir='ltr'><strong>nos</strong></span> <span class='ocrx_word' id='word_1_180' title='bbox 1174 3109 1262 3163; x_wconf 82' lang='lat' dir='ltr'><strong>quam</strong></span> 
     </span>
     <span class='ocr_line' id='line_1_24' title="bbox 205 3171 1262 3250; baseline -0.002 -17"><span class='ocrx_word' id='word_1_181' title='bbox 205 3195 257 3250; x_wconf 91' lang='lat' dir='ltr'><strong>per</strong></span> <span class='ocrx_word' id='word_1_182' title='bbox 275 3181 393 3232; x_wconf 90' lang='lat' dir='ltr'><strong>nostros</strong></span> <span class='ocrx_word' id='word_1_183' title='bbox 417 3174 644 3246; x_wconf 77' lang='lat' dir='ltr'><strong>praedecessores</strong></span> <span class='ocrx_word' id='word_1_184' title='bbox 669 3171 751 3242; x_wconf 87' lang='lat' dir='ltr'><strong>prius</strong></span> <span class='ocrx_word' id='word_1_185' title='bbox 778 3172 880 3238; x_wconf 81' lang='lat' dir='ltr'><strong>factas,</strong></span> <span class='ocrx_word' id='word_1_186' title='bbox 909 3173 1042 3245; x_wconf 89' lang='lat' dir='ltr'><strong>nequiter</strong></span> <span class='ocrx_word' id='word_1_187' title='bbox 1068 3174 1195 3240; x_wconf 91' lang='lat' dir='ltr'><strong>obedire,</strong></span> <span class='ocrx_word' id='word_1_188' title='bbox 1214 3177 1262 3232; x_wconf 81' lang='lat' dir='ltr'><strong>rel</strong></span> 
     </span>
     <span class='ocr_line' id='line_1_25' title="bbox 205 3255 1263 3333; baseline -0.001 -17"><span class='ocrx_word' id='word_1_189' title='bbox 205 3261 368 3333; x_wconf 86' lang='lat' dir='ltr'><strong>periculose</strong></span> <span class='ocrx_word' id='word_1_190' title='bbox 386 3259 483 3313; x_wconf 77' lang='lat' dir='ltr'><strong>farere</strong></span> <span class='ocrx_word' id='word_1_191' title='bbox 509 3259 699 3328; x_wconf 76' lang='lat' dir='ltr'><strong>praesumant,</strong></span> <span class='ocrx_word' id='word_1_192' title='bbox 718 3255 750 3309; x_wconf 92' lang='lat' dir='ltr'><strong>in</strong></span> <span class='ocrx_word' id='word_1_193' title='bbox 776 3263 906 3310; x_wconf 88' lang='lat' dir='ltr'><strong>nostram</strong></span> <span class='ocrx_word' id='word_1_194' title='bbox 934 3262 965 3311; x_wconf 90' lang='lat' dir='ltr'><strong>et</strong></span> <span class='ocrx_word' id='word_1_195' title='bbox 991 3256 1129 3313; x_wconf 75' lang='lat' dir='ltr'><strong>Ecclesiae</strong></span> <span class='ocrx_word' id='word_1_196' title='bbox 1156 3263 1263 3315; x_wconf 79' lang='lat' dir='ltr'><strong>nostrae</strong></span> 
     </span>
     <span class='ocr_line' id='line_1_26' title="bbox 206 3337 1262 3411; baseline -0.004 -11"><span class='ocrx_word' id='word_1_197' title='bbox 206 3341 426 3400; x_wconf 84' lang='lat' dir='ltr'><strong>cnutuariensis</strong></span> <span class='ocrx_word' id='word_1_198' title='bbox 444 3358 478 3396; x_wconf 90' lang='lat' dir='ltr'><strong>ac</strong></span> <span class='ocrx_word' id='word_1_199' title='bbox 493 3338 570 3411; x_wconf 88' lang='lat' dir='ltr'><strong>juris</strong></span> <span class='ocrx_word' id='word_1_200' title='bbox 588 3337 718 3407; x_wconf 87' lang='lat' dir='ltr'><strong>ejusdem</strong></span> <span class='ocrx_word' id='word_1_201' title='bbox 738 3338 878 3410; x_wconf 88' lang='lat' dir='ltr'><strong>injuriam</strong></span> <span class='ocrx_word' id='word_1_202' title='bbox 897 3345 927 3395; x_wconf 87' lang='lat' dir='ltr'><strong>et</strong></span> <span class='ocrx_word' id='word_1_203' title='bbox 946 3338 1151 3410; x_wconf 69' lang='lat' dir='ltr'><strong>prejudicium</strong></span> <span class='ocrx_word' id='word_1_204' title='bbox 1170 3341 1262 3397; x_wconf 90' lang='lat' dir='ltr'><strong>mani·</strong></span> 
     </span>
     <span class='ocr_line' id='line_1_27' title="bbox 206 3421 1262 3492; baseline -0.003 -10"><span class='ocrx_word' id='word_1_205' title='bbox 206 3428 334 3492; x_wconf 78' lang='lat' dir='ltr'><strong>festum3</strong></span> <span class='ocrx_word' id='word_1_206' title='bbox 354 3424 436 3480; x_wconf 78' lang='lat' dir='ltr'><strong>robis</strong></span> <span class='ocrx_word' id='word_1_207' title='bbox 461 3421 684 3487; x_wconf 86' lang='lat' dir='ltr'><strong>committimus,</strong></span> <span class='ocrx_word' id='word_1_208' title='bbox 704 3422 783 3477; x_wconf 91' lang='lat' dir='ltr'><strong>etin</strong></span> <span class='ocrx_word' id='word_1_209' title='bbox 810 3424 918 3477; x_wconf 85' lang='lat' dir='ltr'><strong>virtute</strong></span> <span class='ocrx_word' id='word_1_210' title='bbox 936 3423 1110 3478; x_wconf 80' lang='lat' dir='ltr'><strong>obedientias</strong></span> <span class='ocrx_word' id='word_1_211' title='bbox 1138 3425 1262 3480; x_wconf 86' lang='lat' dir='ltr'><strong>firmiter</strong></span> 
     </span>
     <span class='ocr_line' id='line_1_28' title="bbox 205 3504 1261 3581; baseline -0.004 -16"><span class='ocrx_word' id='word_1_212' title='bbox 205 3509 385 3581; x_wconf 80' lang='lat' dir='ltr'><strong>injungendo</strong></span> <span class='ocrx_word' id='word_1_213' title='bbox 410 3505 592 3567; x_wconf 85' lang='lat' dir='ltr'><strong>mandamus,</strong></span> <span class='ocrx_word' id='word_1_214' title='bbox 612 3509 766 3575; x_wconf 89' lang='lat' dir='ltr'><strong>quatenns,</strong></span> <span class='ocrx_word' id='word_1_215' title='bbox 786 3504 896 3568; x_wconf 89' lang='lat' dir='ltr'><strong>statim,</strong></span> <span class='ocrx_word' id='word_1_216' title='bbox 916 3504 1042 3576; x_wconf 87' lang='lat' dir='ltr'><strong>receptis</strong></span> <span class='ocrx_word' id='word_1_217' title='bbox 1061 3507 1261 3576; x_wconf 87' lang='lat' dir='ltr'><strong>praesentibus,</strong></span> 
     </span>
     <span class='ocr_line' id='line_1_29' title="bbox 205 3586 1261 3664; baseline -0.003 -17"><span class='ocrx_word' id='word_1_218' title='bbox 205 3609 293 3664; x_wconf 88' lang='lat' dir='ltr'><strong>quam</strong></span> <span class='ocrx_word' id='word_1_219' title='bbox 311 3590 399 3646; x_wconf 87' lang='lat' dir='ltr'><strong>eitius</strong></span> <span class='ocrx_word' id='word_1_220' title='bbox 417 3588 481 3643; x_wconf 86' lang='lat' dir='ltr'><strong>fieri</strong></span> <span class='ocrx_word' id='word_1_221' title='bbox 498 3586 608 3659; x_wconf 89' lang='lat' dir='ltr'><strong>poterit</strong></span> <span class='ocrx_word' id='word_1_222' title='bbox 625 3593 780 3658; x_wconf 90' lang='lat' dir='ltr'><strong>oportune,</strong></span> <span class='ocrx_word' id='word_1_223' title='bbox 799 3588 831 3641; x_wconf 93' lang='lat' dir='ltr'><strong>in</strong></span> <span class='ocrx_word' id='word_1_224' title='bbox 849 3586 975 3658; x_wconf 82' lang='lat' dir='ltr'><strong>siugulis</strong></span> <span class='ocrx_word' id='word_1_225' title='bbox 994 3587 1124 3642; x_wconf 87' lang='lat' dir='ltr'><strong>ecclesiis</strong></span> <span class='ocrx_word' id='word_1_226' title='bbox 1143 3593 1172 3643; x_wconf 89' lang='lat' dir='ltr'><strong>et</strong></span> <span class='ocrx_word' id='word_1_227' title='bbox 1190 3589 1261 3644; x_wconf 90' lang='lat' dir='ltr'><strong>locis</strong></span> 
     </span>
     <span class='ocr_line' id='line_1_30' title="bbox 204 3669 1298 3750; baseline -0.003 -18"><span class='ocrx_word' id='word_1_228' title='bbox 204 3674 330 3747; x_wconf 86' lang='lat' dir='ltr'><strong>publicis</strong></span> <span class='ocrx_word' id='word_1_229' title='bbox 347 3679 453 3729; x_wconf 73' lang='lat' dir='ltr'><strong>restra</strong></span> <span class='ocrx_word' id='word_1_230' title='bbox 471 3670 601 3726; x_wconf 83' lang='lat' dir='ltr'><strong>civitatis</strong></span> <span class='ocrx_word' id='word_1_231' title='bbox 619 3675 650 3725; x_wconf 91' lang='lat' dir='ltr'><strong>et</strong></span> <span class='ocrx_word' id='word_1_232' title='bbox 667 3669 813 3734; x_wconf 74' lang='lat' dir='ltr'><strong>direceeis,</strong></span> <span class='ocrx_word' id='word_1_233' title='bbox 832 3669 884 3726; x_wconf 90' lang='lat' dir='ltr'><strong>ubi</strong></span> <span class='ocrx_word' id='word_1_234' title='bbox 902 3689 955 3742; x_wconf 91' lang='lat' dir='ltr'><strong>per</strong></span> <span class='ocrx_word' id='word_1_235' title='bbox 973 3671 1149 3727; x_wconf 88' lang='lat' dir='ltr'><strong>delationem</strong></span> <span class='ocrx_word' id='word_1_236' title='bbox 1167 3673 1261 3729; x_wconf 89' lang='lat' dir='ltr'><strong>crucis</strong></span> <span class='ocrx_word' id='word_1_237' title='bbox 1296 3745 1298 3750; x_wconf 21' lang='grc' dir='ltr'>Ι</span> 
     </span>
     <span class='ocr_line' id='line_1_31' title="bbox 205 3752 1260 3825; baseline -0.005 -10"><span class='ocrx_word' id='word_1_238' title='bbox 205 3776 267 3815; x_wconf 75' lang='lat' dir='ltr'><strong>sum</strong></span> <span class='ocrx_word' id='word_1_239' title='bbox 285 3757 317 3812; x_wconf 91' lang='lat' dir='ltr'><strong>in</strong></span> <span class='ocrx_word' id='word_1_240' title='bbox 344 3773 397 3812; x_wconf 87' lang='lat' dir='ltr'><strong>suc</strong></span> <span class='ocrx_word' id='word_1_241' title='bbox 422 3754 550 3810; x_wconf 89' lang='lat' dir='ltr'><strong>transitu</strong></span> <span class='ocrx_word' id='word_1_242' title='bbox 575 3754 700 3807; x_wconf 91' lang='lat' dir='ltr'><strong>timetur</strong></span> <span class='ocrx_word' id='word_1_243' title='bbox 726 3752 836 3808; x_wconf 87' lang='lat' dir='ltr'><strong>dictum</strong></span> <span class='ocrx_word' id='word_1_244' title='bbox 865 3752 1069 3825; x_wconf 70' lang='lat' dir='ltr'><strong>prejudicium</strong></span> <span class='ocrx_word' id='word_1_245' title='bbox 1096 3754 1260 3822; x_wconf 87' lang='lat' dir='ltr'><strong>imminere,</strong></span> 
     </span>
     <span class='ocr_line' id='line_1_32' title="bbox 205 3835 1261 3906; baseline -0.003 -9"><span class='ocrx_word' id='word_1_246' title='bbox 205 3840 338 3897; x_wconf 90' lang='lat' dir='ltr'><strong>inhibere</strong></span> <span class='ocrx_word' id='word_1_247' title='bbox 374 3836 534 3893; x_wconf 84' lang='lat' dir='ltr'><strong>districtius</strong></span> <span class='ocrx_word' id='word_1_248' title='bbox 569 3835 693 3901; x_wconf 83' lang='lat' dir='ltr'><strong>faciatis,</strong></span> <span class='ocrx_word' id='word_1_249' title='bbox 732 3836 785 3891; x_wconf 91' lang='lat' dir='ltr'><strong>sub</strong></span> <span class='ocrx_word' id='word_1_250' title='bbox 823 3853 911 3906; x_wconf 76' lang='lat' dir='ltr'><strong>poena</strong></span> <span class='ocrx_word' id='word_1_251' title='bbox 948 3837 1261 3894; x_wconf 87' lang='lat' dir='ltr'><strong>excommunicationis</strong></span> 
     </span>
     <span class='ocr_line' id='line_1_33' title="bbox 205 3918 1260 3994; baseline -0.002 -15"><span class='ocrx_word' id='word_1_252' title='bbox 205 3923 334 3994; x_wconf 87' lang='lat' dir='ltr'><strong>majoris,</strong></span> <span class='ocrx_word' id='word_1_253' title='bbox 346 3938 383 3976; x_wconf 91' lang='lat' dir='ltr'><strong>ne</strong></span> <span class='ocrx_word' id='word_1_254' title='bbox 401 3921 467 3993; x_wconf 88' lang='lat' dir='ltr'><strong>quie</strong></span> <span class='ocrx_word' id='word_1_255' title='bbox 486 3918 581 3974; x_wconf 88' lang='lat' dir='ltr'><strong>eidem</strong></span> <span class='ocrx_word' id='word_1_256' title='bbox 599 3918 726 3974; x_wconf 90' lang='lat' dir='ltr'><strong>Domino</strong></span> <span class='ocrx_word' id='word_1_257' title='bbox 738 3918 976 3990; x_wconf 78' lang='lat' dir='ltr'><strong>ArchiepiseopO,</strong></span> <span class='ocrx_word' id='word_1_258' title='bbox 991 3919 1091 3975; x_wconf 88' lang='lat' dir='ltr'><strong>taliter</strong></span> <span class='ocrx_word' id='word_1_259' title='bbox 1104 3920 1260 3986; x_wconf 88' lang='lat' dir='ltr'><strong>incedenti,</strong></span> 
     </span>
     <span class='ocr_line' id='line_1_34' title="bbox 205 4003 1261 4077; baseline -0.004 -13"><span class='ocrx_word' id='word_1_260' title='bbox 205 4009 266 4064; x_wconf 84' lang='lat' dir='ltr'><strong>suis</strong></span> <span class='ocrx_word' id='word_1_261' title='bbox 284 4003 536 4063; x_wconf 88' lang='lat' dir='ltr'><strong>benedictionibus</strong></span> <span class='ocrx_word' id='word_1_262' title='bbox 553 4003 721 4058; x_wconf 90' lang='lat' dir='ltr'><strong>inclinando</strong></span> <span class='ocrx_word' id='word_1_263' title='bbox 737 4003 787 4058; x_wconf 84' lang='lat' dir='ltr'><strong>vel</strong></span> <span class='ocrx_word' id='word_1_264' title='bbox 804 4003 1010 4068; x_wconf 60' lang='lat' dir='ltr'><strong>adtenderent</strong></span> <span class='ocrx_word' id='word_1_265' title='bbox 1028 4021 1143 4077; x_wconf 88' lang='lat' dir='ltr'><strong>quoquc</strong></span> <span class='ocrx_word' id='word_1_266' title='bbox 1156 4006 1261 4074; x_wconf 87' lang='lat' dir='ltr'><strong>modo;</strong></span> 
     </span>
     <span class='ocr_line' id='line_1_35' title="bbox 206 4085 1262 4163; baseline -0.001 -18"><span class='ocrx_word' id='word_1_267' title='bbox 206 4089 361 4163; x_wconf 86' lang='lat' dir='ltr'><strong>ipsumque</strong></span> <span class='ocrx_word' id='word_1_268' title='bbox 379 4088 538 4144; x_wconf 87' lang='lat' dir='ltr'><strong>Dominum</strong></span> <span class='ocrx_word' id='word_1_269' title='bbox 556 4085 827 4157; x_wconf 79' lang='lat' dir='ltr'><strong>Arohiepiscopum,</strong></span> <span class='ocrx_word' id='word_1_270' title='bbox 850 4087 874 4141; x_wconf 83' lang='lat' dir='ltr'><strong>si</strong></span> <span class='ocrx_word' id='word_1_271' title='bbox 893 4085 1043 4143; x_wconf 85' lang='lat' dir='ltr'><strong>civitatem</strong></span> <span class='ocrx_word' id='word_1_272' title='bbox 1066 4093 1095 4142; x_wconf 91' lang='lat' dir='ltr'><strong>et</strong></span> <span class='ocrx_word' id='word_1_273' title='bbox 1113 4087 1262 4145; x_wconf 84' lang='lat' dir='ltr'><strong>dioecesim</strong></span> 
     </span>
     <span class='ocr_line' id='line_1_36' title="bbox 206 4159 1263 4241; baseline -0.003 -11"><span class='ocrx_word' id='word_1_274' title='bbox 206 4179 334 4230; x_wconf 84' lang='lat' dir='ltr'><strong>vestram</strong></span> <span class='ocrx_word' id='word_1_275' title='bbox 364 4172 407 4227; x_wconf 87' lang='lat' dir='ltr'><strong>sic</strong></span> <span class='ocrx_word' id='word_1_276' title='bbox 437 4171 588 4241; x_wconf 79' lang='lat' dir='ltr'><strong>ingressus</strong></span> <span class='ocrx_word' id='word_1_277' title='bbox 618 4167 717 4234; x_wconf 82' lang='lat' dir='ltr'><strong>fuerit,</strong></span> <span class='ocrx_word' id='word_1_278' title='bbox 751 4168 934 4235; x_wconf 82' lang='lat' dir='ltr'><strong>nominatim,</strong></span> <span class='ocrx_word' id='word_1_279' title='bbox 956 4175 987 4224; x_wconf 92' lang='lat' dir='ltr'><strong>et</strong></span> <span class='ocrx_word' id='word_1_280' title='bbox 1005 4187 1105 4226; x_wconf 87' lang='lat' dir='ltr'><strong>ornnes</strong></span> <span class='ocrx_word' id='word_1_281' title='bbox 1130 4159 1186 4227; x_wconf 86' lang='lat' dir='ltr'><strong>eibi</strong></span> <span class='ocrx_word' id='word_1_282' title='bbox 1213 4169 1263 4227; x_wconf 88' lang='lat' dir='ltr'><strong>ud·</strong></span> 
     </span>
     <span class='ocr_line' id='line_1_37' title="bbox 207 4250 1263 4325; baseline -0.004 -12"><span class='ocrx_word' id='word_1_283' title='bbox 207 4259 352 4313; x_wconf 69' lang='lat' dir='ltr'><strong>haerentes</strong></span> <span class='ocrx_word' id='word_1_284' title='bbox 379 4254 479 4310; x_wconf 87' lang='lat' dir='ltr'><strong>statim</strong></span> <span class='ocrx_word' id='word_1_285' title='bbox 515 4252 630 4307; x_wconf 90' lang='lat' dir='ltr'><strong>moneri</strong></span> <span class='ocrx_word' id='word_1_286' title='bbox 665 4251 803 4307; x_wconf 89' lang='lat' dir='ltr'><strong>canonice</strong></span> <span class='ocrx_word' id='word_1_287' title='bbox 846 4250 972 4317; x_wconf 80' lang='lat' dir='ltr'><strong>iacietis,</strong></span> <span class='ocrx_word' id='word_1_288' title='bbox 1009 4257 1048 4316; x_wconf 89' lang='lat' dir='ltr'><strong>et,</strong></span> <span class='ocrx_word' id='word_1_289' title='bbox 1087 4253 1141 4308; x_wconf 90' lang='lat' dir='ltr'><strong>sub</strong></span> <span class='ocrx_word' id='word_1_290' title='bbox 1176 4271 1263 4325; x_wconf 84' lang='lat' dir='ltr'><strong>poena</strong></span> 
     </span>
     <span class='ocr_line' id='line_1_38' title="bbox 207 4333 1261 4407; baseline -0.003 -11"><span class='ocrx_word' id='word_1_291' title='bbox 207 4337 356 4396; x_wconf 83' lang='lat' dir='ltr'><strong>canonicae</strong></span> <span class='ocrx_word' id='word_1_292' title='bbox 383 4334 587 4400; x_wconf 85' lang='lat' dir='ltr'><strong>districtionis,</strong></span> <span class='ocrx_word' id='word_1_293' title='bbox 608 4334 703 4389; x_wconf 88' lang='lat' dir='ltr'><strong>arcius</strong></span> <span class='ocrx_word' id='word_1_294' title='bbox 721 4333 859 4398; x_wconf 88' lang='lat' dir='ltr'><strong>inhiberi,</strong></span> <span class='ocrx_word' id='word_1_295' title='bbox 881 4351 917 4388; x_wconf 93' lang='lat' dir='ltr'><strong>ne</strong></span> <span class='ocrx_word' id='word_1_296' title='bbox 936 4334 998 4405; x_wconf 85' lang='lat' dir='ltr'><strong>ipse</strong></span> <span class='ocrx_word' id='word_1_297' title='bbox 1015 4335 1261 4407; x_wconf 81' lang='lat' dir='ltr'><strong>Archiepiscopus</strong></span> 
     </span>
     <span class='ocr_line' id='line_1_39' title="bbox 208 4416 1262 4488; baseline -0.006 -10"><span class='ocrx_word' id='word_1_298' title='bbox 208 4439 324 4479; x_wconf 90' lang='lat' dir='ltr'><strong>crucem</strong></span> <span class='ocrx_word' id='word_1_299' title='bbox 343 4435 427 4476; x_wconf 84' lang='lat' dir='ltr'><strong>suam</strong></span> <span class='ocrx_word' id='word_1_300' title='bbox 445 4435 543 4473; x_wconf 88' lang='lat' dir='ltr'><strong>eoram</strong></span> <span class='ocrx_word' id='word_1_301' title='bbox 561 4434 592 4473; x_wconf 91' lang='lat' dir='ltr'><strong>se</strong></span> <span class='ocrx_word' id='word_1_302' title='bbox 612 4416 643 4471; x_wconf 91' lang='lat' dir='ltr'><strong>in</strong></span> <span class='ocrx_word' id='word_1_303' title='bbox 660 4422 762 4472; x_wconf 90' lang='lat' dir='ltr'><strong>nostra</strong></span> <span class='ocrx_word' id='word_1_304' title='bbox 786 4417 940 4488; x_wconf 83' lang='lat' dir='ltr'><strong>provincia</strong></span> <span class='ocrx_word' id='word_1_305' title='bbox 957 4417 1161 4472; x_wconf 70' lang='lat' dir='ltr'><strong>cantuariensi</strong></span> <span class='ocrx_word' id='word_1_306' title='bbox 1187 4419 1262 4488; x_wconf 84' lang='lat' dir='ltr'><strong>erigi</strong></span> 
     </span>
     <span class='ocr_line' id='line_1_40' title="bbox 208 4498 1260 4570; baseline -0.005 -11"><span class='ocrx_word' id='word_1_307' title='bbox 208 4505 300 4561; x_wconf 78' lang='lat' dir='ltr'><strong>iaciat</strong></span> <span class='ocrx_word' id='word_1_308' title='bbox 324 4519 377 4559; x_wconf 90' lang='lat' dir='ltr'><strong>seu</strong></span> <span class='ocrx_word' id='word_1_309' title='bbox 402 4501 520 4566; x_wconf 81' lang='lat' dir='ltr'><strong>deferri,</strong></span> <span class='ocrx_word' id='word_1_310' title='bbox 546 4499 594 4555; x_wconf 79' lang='lat' dir='ltr'><strong>vel</strong></span> <span class='ocrx_word' id='word_1_311' title='bbox 622 4498 730 4570; x_wconf 86' lang='lat' dir='ltr'><strong>aliquis</strong></span> <span class='ocrx_word' id='word_1_312' title='bbox 755 4498 791 4553; x_wconf 91' lang='lat' dir='ltr'><strong>de</strong></span> <span class='ocrx_word' id='word_1_313' title='bbox 818 4498 875 4554; x_wconf 88' lang='lat' dir='ltr'><strong>sibi</strong></span> <span class='ocrx_word' id='word_1_314' title='bbox 902 4499 1120 4555; x_wconf 69' lang='lat' dir='ltr'><strong>adherentibus</strong></span> <span class='ocrx_word' id='word_1_315' title='bbox 1146 4517 1260 4555; x_wconf 89' lang='lat' dir='ltr'><strong>erucem</strong></span> 
     </span>
     <span class='ocr_line' id='line_1_41' title="bbox 208 4581 1263 4660; baseline -0.005 -18"><span class='ocrx_word' id='word_1_316' title='bbox 208 4589 303 4660; x_wconf 85' lang='lat' dir='ltr'><strong>ipsam</strong></span> <span class='ocrx_word' id='word_1_317' title='bbox 321 4586 363 4642; x_wconf 90' lang='lat' dir='ltr'><strong>sie</strong></span> <span class='ocrx_word' id='word_1_318' title='bbox 391 4583 513 4647; x_wconf 85' lang='lat' dir='ltr'><strong>deferat,</strong></span> <span class='ocrx_word' id='word_1_319' title='bbox 534 4599 586 4638; x_wconf 91' lang='lat' dir='ltr'><strong>seu</strong></span> <span class='ocrx_word' id='word_1_320' title='bbox 613 4581 753 4636; x_wconf 86' lang='lat' dir='ltr'><strong>delationi</strong></span> <span class='ocrx_word' id='word_1_321' title='bbox 784 4581 914 4652; x_wconf 85' lang='lat' dir='ltr'><strong>ejusdem</strong></span> <span class='ocrx_word' id='word_1_322' title='bbox 942 4597 1027 4653; x_wconf 90' lang='lat' dir='ltr'><strong>opem</strong></span> <span class='ocrx_word' id='word_1_323' title='bbox 1054 4582 1185 4636; x_wconf 82' lang='lat' dir='ltr'><strong>conferat</strong></span> <span class='ocrx_word' id='word_1_324' title='bbox 1211 4600 1263 4638; x_wconf 90' lang='lat' dir='ltr'><strong>seu</strong></span> 
     </span>
     <span class='ocr_line' id='line_1_42' title="bbox 211 4664 1262 4736; baseline -0.007 -9"><span class='ocrx_word' id='word_1_325' title='bbox 211 4687 370 4728; x_wconf 84' lang='lat' dir='ltr'><strong>assensum.</strong></span> <span class='ocrx_word' id='word_1_326' title='bbox 408 4667 624 4722; x_wconf 88' lang='lat' dir='ltr'><strong>Denuntiautes</strong></span> <span class='ocrx_word' id='word_1_327' title='bbox 642 4664 738 4720; x_wconf 92' lang='lat' dir='ltr'><strong>eidem</strong></span> <span class='ocrx_word' id='word_1_328' title='bbox 755 4664 982 4736; x_wconf 83' lang='lat' dir='ltr'><strong>Archiepieccoo</strong></span> <span class='ocrx_word' id='word_1_329' title='bbox 1002 4670 1031 4719; x_wconf 91' lang='lat' dir='ltr'><strong>et</strong></span> <span class='ocrx_word' id='word_1_330' title='bbox 1044 4667 1156 4730; x_wconf 88' lang='lat' dir='ltr'><strong>ceteris,</strong></span> <span class='ocrx_word' id='word_1_331' title='bbox 1169 4666 1262 4721; x_wconf 88' lang='lat' dir='ltr'><strong>nomi·</strong></span> 
     </span>
     <span class='ocr_line' id='line_1_43' title="bbox 210 4746 1266 4821; baseline -0.005 -12"><span class='ocrx_word' id='word_1_332' title='bbox 210 4754 312 4817; x_wconf 84' lang='lat' dir='ltr'><strong>natim,</strong></span> <span class='ocrx_word' id='word_1_333' title='bbox 349 4751 427 4821; x_wconf 89' lang='lat' dir='ltr'><strong>quod</strong></span> <span class='ocrx_word' id='word_1_334' title='bbox 462 4751 487 4805; x_wconf 89' lang='lat' dir='ltr'><strong>si</strong></span> <span class='ocrx_word' id='word_1_335' title='bbox 522 4749 678 4820; x_wconf 82' lang='lat' dir='ltr'><strong>quicquam</strong></span> <span class='ocrx_word' id='word_1_336' title='bbox 714 4750 746 4803; x_wconf 91' lang='lat' dir='ltr'><strong>in</strong></span> <span class='ocrx_word' id='word_1_337' title='bbox 782 4749 876 4803; x_wconf 88' lang='lat' dir='ltr'><strong>nestri</strong></span> <span class='ocrx_word' id='word_1_338' title='bbox 911 4746 1123 4819; x_wconf 77' lang='lat' dir='ltr'><strong>praejudicium,</strong></span> <span class='ocrx_word' id='word_1_339' title='bbox 1164 4754 1266 4804; x_wconf 88' lang='lat' dir='ltr'><strong>contre</strong></span> 
     </span>
     <span class='ocr_line' id='line_1_44' title="bbox 212 4830 1266 4905; baseline -0.006 -14"><span class='ocrx_word' id='word_1_340' title='bbox 212 4835 388 4891; x_wconf 85' lang='lat' dir='ltr'><strong>monitiones</strong></span> <span class='ocrx_word' id='word_1_341' title='bbox 405 4837 528 4897; x_wconf 83' lang='lat' dir='ltr'><strong>vestras,</strong></span> <span class='ocrx_word' id='word_1_342' title='bbox 541 4831 784 4905; x_wconf 70' lang='lat' dir='ltr'><strong>presumpserint</strong></span> <span class='ocrx_word' id='word_1_343' title='bbox 800 4835 987 4902; x_wconf 88' lang='lat' dir='ltr'><strong>attemptare,</strong></span> <span class='ocrx_word' id='word_1_344' title='bbox 1002 4845 1139 4885; x_wconf 85' lang='lat' dir='ltr'><strong>censurae</strong></span> <span class='ocrx_word' id='word_1_345' title='bbox 1151 4830 1266 4886; x_wconf 89' lang='lat' dir='ltr'><strong>eeclesi-</strong></span> 
     </span>
    </p>
   </div>
   <div class='ocr_carea' id='block_1_5' title="bbox 309 4929 1126 4990">
    <p class='ocr_par' dir='ltr' id='par_1_5' title="bbox 309 4929 1126 4990">
     <span class='ocr_line' id='line_1_45' title="bbox 309 4929 1126 4990; baseline -0.016 -10"><span class='ocrx_word' id='word_1_346' title='bbox 309 4929 336 4980; x_wconf 87' lang='lat' dir='ltr'><strong>u</strong></span> <span class='ocrx_word' id='word_1_347' title='bbox 370 4930 461 4979; x_wconf 77' lang='lat' dir='ltr'><strong>saera</strong></span> <span class='ocrx_word' id='word_1_348' title='bbox 1106 4943 1126 4990; x_wconf 68' lang='grc' dir='ltr'>Ζ</span> 
     </span>
    </p>
   </div>
   <div class='ocr_carea' id='block_1_6' title="bbox 0 0 1685 5800">
    <p class='ocr_par' dir='ltr' id='par_1_6' title="bbox 0 0 1685 5800">
     <span class='ocr_line' id='line_1_46' title="bbox 0 0 1685 5800; baseline 0 0"><span class='ocrx_word' id='word_1_349' title='bbox 0 0 1685 5800; x_wconf 95' lang='lat' dir='ltr'><strong> </strong></span> 
     </span>
    </p>
   </div>
  </div>
 </body>
</html>
