3350 5800
621 880 911 943 remurmurans
1259 884 1301 947 59

240 1084 334 1151 tariae
355 1104 429 1151 suae
452 1083 620 1170 praedicta
641 1082 867 1171 persequendo
890 1085 925 1149 et
958 1085 1196 1163 conservando,
1217 1085 1301 1151 alias

244 1190 283 1253 ut
319 1187 411 1253 dixit
449 1186 624 1265 destinare,
674 1190 886 1274 prasentare,
926 1192 962 1252 et
1009 1186 1177 1268 exhibere,
1224 1211 1300 1275 quse

244 1290 380 1376 quidem
414 1288 537 1354 litterae
571 1288 710 1375 possint,
732 1289 814 1353 dum
844 1289 892 1355 sic
913 1310 974 1375 pro
1006 1312 1121 1355 earum
1152 1292 1301 1357 destina·

245 1394 347 1473 aione,
370 1392 638 1479 praesentarione,
671 1397 706 1456 ct
726 1391 949 1457 exhibicione
979 1398 1195 1478 portarentur
1227 1394 1299 1459 sive

243 1493 515 1570 transferrentur,
553 1499 688 1579 propter
728 1493 860 1558 viarum
898 1494 1100 1573 discrimina,
1132 1502 1168 1561 et
1199 1497 1300 1562 maris

246 1598 442 1687 periculum,
477 1601 512 1663 et
545 1596 628 1661 ulios
662 1595 819 1661 adversos
852 1601 886 1660 et
920 1595 1069 1661 diversos
1115 1618 1210 1663 casus
1242 1598 1301 1683 qui

245 1700 438 1787 frequenter
470 1697 627 1765 accidunt
662 1718 720 1763 seu
752 1696 981 1763 verisimiliter
1013 1699 1206 1786 contingere
1244 1722 1301 1785 po-

247 1807 374 1881 terunt,
407 1802 556 1887 deperire
588 1804 649 1866 aut
680 1802 751 1885 ipse
786 1799 952 1865 Dominus
985 1800 1137 1879 Thomas,
1168 1808 1303 1888 propter

247 1906 412 1973 dictarum
434 1905 621 1969 litterarum
654 1922 712 1967 seu
735 1901 1018 1967 munimentorum
1052 1902 1219 1969 difficilem
1241 1909 1302 1969 aut

247 2010 363 2075 forsan
408 2005 646 2093 impossibilem
693 2002 939 2069 exhibicionem
987 2004 1087 2070 simul
1127 2011 1162 2070 et
1200 2005 1301 2071 semel

248 2114 286 2177 in
323 2110 464 2177 diversis
496 2108 613 2173 mundi
644 2106 797 2193 partibus
830 2113 866 2171 et
897 2106 1043 2171 multum
1088 2107 1301 2185 distantibus,

250 2220 291 2281 ut
335 2213 523 2301 praeiertur,
563 2209 759 2287 faciendam,
798 2208 983 2295 periculum
1021 2210 1188 2278 incurrere
1233 2233 1301 2278 ncn

250 2317 417 2383 modicum
455 2320 490 2380 ct
527 2334 715 2401 gravamen,
754 2312 915 2397 quatinus
951 2312 1127 2398 praedictas
1172 2314 1302 2380 litteras

250 2424 286 2485 et
308 2440 422 2485 carum
457 2416 568 2503 sigilla
602 2414 726 2480 eisdem
757 2414 912 2501 apposita
942 2413 1113 2502 inspicere,
1136 2421 1172 2482 et
1193 2438 1234 2483 ca
1255 2418 1303 2485 sic

252 2542 313 2609 per
334 2542 395 2586 nos
425 2518 581 2605 primitus
614 2516 778 2602 inspectas
808 2520 924 2601 postea
956 2517 1155 2583 auctoritate
1188 2525 1302 2585 nostra

251 2646 312 2712 per
333 2621 501 2689 notarium
533 2618 784 2704 infrascriptum
817 2618 991 2695 transumi,
1013 2620 1202 2707 examplari,
1224 2622 1302 2687 snb-

252 2725 360 2802 scribi,
398 2730 434 2789 et
464 2724 501 2787 in
533 2719 700 2808 publicam
739 2718 881 2785 formam
918 2720 1025 2807 redigi
1060 2723 1237 2810 praecipere
1269 2730 1305 2790 et

252 2828 418 2905 mandare,
442 2830 482 2889 ut
514 2846 556 2890 ex
592 2821 654 2887 hoc
687 2826 783 2887 tanta
822 2822 904 2887 fides
938 2824 1160 2910 praesentibus
1182 2826 1304 2893 litteris

252 2933 376 3000 nostris
413 2931 485 2995 sive
524 2930 736 3011 transumpto
785 2924 930 2990 ubilibet
976 2926 1179 2994 adhibeatur
1218 2930 1305 2997 sicut

254 3035 376 3102 litteris
399 3030 616 3120 originalibus
647 3027 836 3104 antedictis,
860 3033 1047 3095 attentam
1070 3032 1304 3098 auctoritatem

253 3138 378 3204 facim
414 3135 502 3200 sicut
535 3131 656 3196 litterae
695 3129 869 3214 originales
908 3132 1084 3216 praedictas,
1107 3153 1305 3202 curaremus.

255 3241 403 3322 Quarum
441 3235 576 3324 quidem
613 3233 802 3297 litterarum
839 3232 1055 3319 originalium
1092 3241 1224 3302 tenores
1255 3259 1305 3304 se·

252 3348 403 3430 quantur
425 3341 461 3404 in
483 3339 548 3403 hiis
570 3335 701 3402 verbis:

300 3445 416 3510 Simon
449 3439 663 3527 permissione
705 3434 821 3501 divina
854 3436 1107 3504 cantuariensis
1132 3440 1301 3529 Arcbiepi·
1319 3460 1401 3513 Ama.

255 3569 381 3635 scopus,
417 3549 479 3612 etc.
517 3539 683 3607 universis
721 3545 902 3626 praesentes
939 3539 1071 3607 litteras
1105 3527 1416 3659 inspecturisfjflssffg'

256 3651 395 3717 salutern
432 3647 470 3712 in
507 3645 656 3710 omnium
704 3639 886 3708 Salvatore.
946 3642 1158 3729 Significavit
1208 3648 1432 3714 nobischaner.

255 3754 395 3819 dilectus
433 3749 523 3814 filius
571 3746 735 3812 Dominus
786 3744 1037 3810 Bartholomeus
1083 3747 1125 3813 de
1163 3749 1305 3829 Bournc,
1342 3729 1450 3846 ὶῗθξξῗ·

256 3856 414 3932 Clericus,
453 3857 614 3939 patronus
654 3847 828 3934 cujusdam
866 3848 1026 3914 cantante
1073 3849 1110 3914 in
1159 3851 1307 3919 Ecclesia

255 3957 435 4047 parochiali
466 3957 509 4021 de
543 3953 856 4040 Levyngesbourne‚
879 3950 967 4037 quod
991 3951 1128 4037 quidam
1163 3954 1307 4023 Jacobus

256 4064 297 4130 de
331 4062 473 4136 Bournc,
498 4057 690 4144 progenitor
722 4077 809 4132 auus,
844 4055 951 4141 ipsam
983 4057 1165 4122 cantariam
1189 4059 1306 4126 funda-

257 4169 361 4245 verat,
384 4163 425 4228 dc
447 4182 609 4228 consensu
644 4158 781 4223 Domini
816 4157 917 4244 Regis
940 4163 975 4222 et
997 4160 1145 4224 omnium
1168 4182 1307 4245 quorum

256 4266 426 4344 interluit,
449 4269 484 4329 et
505 4263 683 4328 dotaverat
714 4281 788 4326 eam
820 4260 862 4326 de
884 4281 953 4325 una
982 4262 1161 4340 mansione,
1185 4263 1309 4352 viginti

260 4377 402 4460 quatuor
433 4367 518 4433 acris
551 4371 650 4431 terrae
685 4362 829 4442 arabilis,
853 4367 887 4428 et
909 4363 1050 4429 dimidia
1071 4387 1183 4432 marca
1204 4369 1309 4433 annui

260 4473 410 4542 redditus
432 4469 469 4535 in
491 4467 574 4535 villa
596 4468 638 4533 de
662 4467 813 4547 Bourne3
855 4487 997 4552 quorum
1028 4489 1128 4533 verus
1150 4469 1244 4536 valor
1265 4470 1309 4537 ad

262 4580 403 4664 quatuor
440 4591 566 4637 marcas
603 4569 664 4634 vix
702 4567 853 4634 ascendit
889 4569 1082 4650 annuatim3
1110 4573 1310 4638 reservando

264 4679 325 4746 sibi
348 4681 383 4743 ct
404 4673 583 4740 heredibus
607 4677 641 4738 ot
663 4671 842 4758 assignatis
865 4672 934 4736 suis
957 4692 1000 4735 cx
1023 4672 1101 4737 dote
1124 4671 1183 4738 illa
1203 4693 1309 4738 unum

264 4803 322 4868 par
355 4777 518 4844 calcarum
553 4773 737 4850 annuatim,
760 4772 966 4838 reddendum
1000 4772 1053 4845 vel
1075 4794 1135 4837 sex
1158 4774 1310 4840 denarios
