3350 5800
422 826 465 889 46
882 838 1017 889 cumn

421 1026 544 1091 dictam
582 1026 749 1093 ecclesiam
788 1028 825 1091 in
869 1026 1077 1113 collegiatam
1122 1024 1279 1111 erigendi,
1317 1029 1353 1087 et
1388 1020 1475 1086 inibi

420 1127 593 1213 collegium
627 1127 819 1214 hujusmodi
842 1129 1055 1206 instituendi,
1081 1127 1254 1193 licenciam
1287 1124 1474 1199 concedere,

420 1234 455 1294 ei
477 1230 560 1295 alias
583 1230 619 1293 in
651 1231 830 1317 praemissis
852 1231 1032 1296 salubriter
1052 1230 1237 1317 providere,
1271 1229 1313 1293 de
1338 1225 1472 1312 speciali

419 1330 528 1415 gratia
566 1331 785 1417 dignaremur.
832 1332 904 1398 Nos
934 1333 1048 1418 igitur,
1078 1332 1135 1417 qui
1166 1330 1308 1395 eundem
1344 1328 1472 1394 cultum

419 1432 532 1519 augeri
555 1432 694 1497 intensis
717 1432 888 1498 desideriis
910 1434 1110 1509 affectamus,
1132 1431 1324 1517 hujusmodi
1346 1429 1472 1515 suppli-

420 1533 607 1598 cationibus
629 1533 790 1611 inclinati,
812 1535 877 1600 tibi
899 1541 940 1599 nt
970 1536 1105 1600 cedente
1128 1534 1181 1598 vel
1204 1532 1382 1599 decedente
1403 1530 1473 1595 filio

420 1631 558 1699 Rectore
581 1634 728 1718 ejusdem
750 1633 894 1701 ecclesiae
916 1636 975 1720 qui
997 1656 1086 1700 nunc
1108 1639 1168 1711 est,
1190 1634 1244 1698 rei
1265 1632 1347 1698 alias
1369 1632 1471 1695 etiam

420 1734 525 1819 ipsam
578 1736 825 1820 quomodolibet
877 1736 1077 1816 dimittente,
1123 1735 1302 1800 dnmmodo
1357 1754 1471 1797 eorum

420 1853 560 1917 quorum
583 1834 722 1900 interest
744 1836 787 1901 ad
810 1836 846 1899 id
868 1836 1004 1901 accedat
1024 1856 1185 1913 assensus,
1207 1835 1331 1919 absque
1352 1834 1474 1919 praeju-

419 1935 505 2001 dicio
528 1942 562 2000 et
593 1957 691 2001 onere
713 1938 861 2003 matricis
884 1938 1046 2015 Ecclesiae,
1078 1958 1206 2003 necnon
1237 1937 1473 2021 cujuscumque

418 2036 575 2113 alterius3
607 2039 800 2123 praedictam
822 2039 1046 2125 parochialem
1069 2039 1238 2105 ecclesiam
1261 2043 1297 2102 et
1317 2037 1471 2123 collegia·

419 2144 487 2203 tam
521 2139 676 2225 erigendi,
709 2146 743 2204 et
776 2140 861 2205 inibi
895 2140 1086 2227 hujusmodi
1117 2139 1291 2225 collegium
1329 2137 1472 2203 faciendi

418 2260 478 2325 pro
513 2261 580 2306 uno
618 2240 778 2327 Magistro
809 2246 845 2307 et
875 2242 1017 2307 totidem
1049 2241 1238 2327 capellanis
1270 2246 1305 2305 et
1334 2238 1471 2305 Olericis

419 2360 522 2424 usque
545 2341 588 2405 cd
610 2341 806 2425 praedictum
829 2340 953 2427 viginti
975 2349 1127 2427 quatuor,
1141 2361 1200 2405 seu
1222 2339 1326 2405 alium
1348 2339 1471 2423 dequo

418 2441 482 2506 tibi
516 2441 687 2507 videbitur
717 2464 903 2518 numerum,
928 2447 967 2509 nt
999 2443 1227 2529 praemittitur,
1264 2441 1472 2515 instituendi,

418 2548 454 2606 et
488 2542 591 2607 etiam
627 2541 819 2628 hujusmodi
857 2543 996 2621 finctus,
1023 2544 1181 2621 redditus,
1214 2548 1249 2608 ct
1278 2546 1472 2628 proventus,

418 2642 563 2727 ejusdem
614 2644 810 2729 parochialis
864 2644 1015 2723 ecciesiae,
1061 2644 1104 2709 ad
1145 2650 1188 2722 te,
1225 2644 1354 2723 ratione
1396 2664 1473 2728 per·

418 2764 506 2809 sonae
540 2750 608 2811 tuoe
647 2745 884 2831 spectantibus,
923 2766 1049 2812 necnon
1086 2746 1182 2811 bonis
1218 2744 1293 2810 aliis
1330 2765 1388 2830 per
1435 2751 1471 2808 te

418 2844 597 2932 unicuique
618 2846 794 2933 adquisitis
817 2852 852 2913 ot
867 2847 969 2914 ctiam
992 2847 1205 2934 adquirendis
1227 2846 1328 2923 licite,
1349 2852 1471 2923 tamem

417 2955 456 3010 ut
489 2947 672 3034 praefertur,
703 2950 856 3036 augendi,
890 2952 972 3016 adeo
1010 2950 1098 3036 qnod
1134 2949 1198 3036 ipsi
1230 2949 1397 3034 Magister,
1430 2969 1471 3014 ac

416 3047 597 3134 Capeliani,
612 3053 647 3114 et
670 3049 799 3129 Clerici,
823 3071 914 3136 quos,
942 3073 1046 3136 usque
1068 3051 1112 3116 ad
1134 3048 1324 3135 hujusmodi
1347 3048 1470 3134 viginti

416 3155 558 3234 quatuor
580 3171 638 3214 seu
659 3151 763 3215 alium
786 3152 915 3236 dequo
945 3153 1010 3217 tibi
1034 3152 1205 3217 videbitur
1226 3171 1409 3229 numelum,
1432 3152 1470 3214 in

416 3251 488 3336 ipsa
524 3250 705 3336 parochiali
750 3253 887 3320 ecclesia
920 3254 1114 3331 institueris,
1152 3252 1306 3317 decenter
1346 3252 1468 3329 vivere,

415 3371 544 3417 necnon
565 3352 756 3437 hujusmodi
779 3374 880 3419 onera
902 3353 950 3418 eis
971 3353 1198 3420 incumbentia
1218 3375 1362 3438 congrue
1391 3375 1468 3439 sup-

416 3458 546 3538 portare
580 3453 708 3538 possint
739 3453 786 3518 et¹
824 3454 988 3534 debcant3
1025 3475 1064 3520 ac
1095 3455 1196 3519 etiam
1233 3454 1403 3519 statuendi
1434 3461 1469 3518 et

416 3551 591 3617 ordinandi
614 3575 653 3618 su
675 3574 749 3638 quae
773 3554 861 3620 circa
882 3554 1072 3639 hujusmodi
1095 3554 1269 3641 collegium
1291 3554 1470 3620 statuenda

415 3658 449 3717 et
472 3655 656 3720 ordinanda
670 3654 819 3732 luerint;
849 3677 888 3721 ac
903 3655 1005 3722 etiam
1020 3656 1155 3721 modum
1170 3656 1307 3720 vivendi
1320 3657 1468 3741 ipsorum

415 3753 575 3840 Magistri,
600 3755 863 3842 capellanorum,
886 3761 921 3822 et
944 3755 1156 3836 Clericorum
1179 3755 1332 3821 similiter
1353 3778 1412 3841 per
1433 3764 1467 3821 te

414 3856 584 3920 statuendi
607 3862 642 3922 et
673 3859 857 3940 ordinandi,
880 3863 995 3924 tenore
1021 3859 1243 3945 praesentium,
1269 3857 1399 3944 plenam
1433 3863 1468 3922 et

414 3955 560 4035 liberam,
581 3959 781 4024 auctoritate
815 3960 1004 4045 apostolica,
1027 3959 1233 4025 concedimus
1264 3958 1466 4025 facultatem.

414 4057 575 4123 Volumus
607 4061 716 4138 ctiam,
749 4064 784 4124 et
815 4061 1013 4126 auctoritate
1046 4061 1205 4147 praedicta
1235 4060 1276 4125 de
1307 4060 1468 4125 uberioris

414 4159 500 4225 dono
521 4161 639 4247 gratiae
662 4160 878 4240 decernimus,
905 4163 993 4248 quod
1024 4163 1053 4226 si
1076 4162 1215 4228 eandem
1248 4160 1467 4248 parochialem

413 4263 580 4330 ecclesiam
617 4264 652 4328 in
687 4265 895 4352 collegiatam
925 4265 1020 4351 erigi,
1051 4271 1087 4330 et
1119 4264 1311 4350 hujusmodi
1345 4265 1468 4350 viginti

413 4371 555 4449 quatuor
592 4387 650 4432 seu
685 4365 785 4432 elium
816 4367 946 4451 dequo
983 4366 1047 4431 tibi
1078 4366 1247 4430 videbitur
1284 4387 1466 4442 numerum,

413 4464 546 4530 institui
569 4489 629 4553 per
662 4473 694 4531 te
729 4469 920 4553 contingat,
936 4474 975 4532 ui
1010 4467 1193 4552 praefertur,
1216 4465 1376 4552 Magister
1408 4487 1467 4552 pro

906 4709 986 4761 lui?
