3350 5800
398 884 439 947 66
717 922 720 928 ·
849 898 982 945 urana

396 1076 522 1144 dictum
546 1077 776 1163 messuagium,
800 1100 859 1164 per
891 1078 1069 1163 praefatum
1091 1076 1274 1141 Dominum
1296 1078 1448 1139 nostrum

396 1177 520 1265 Regem
555 1179 721 1257 collatum,
744 1184 784 1244 ut
806 1180 1034 1266 praemittitur,
1057 1200 1117 1265 per
1147 1183 1337 1244 executores
1367 1173 1451 1239 dicti

269 1284 271 1289 ’
396 1280 642 1366 praedecessoris
673 1282 788 1359 nostri,
812 1288 945 1348 etcum
979 1282 1075 1347 bonis
1097 1283 1179 1367 ejus,
1200 1278 1376 1347 caritative
1398 1279 1451 1341 est

396 1381 510 1447 taliter
543 1387 734 1468 reparatum
767 1387 802 1448 st
833 1388 1070 1460 constructum,
1102 1382 1192 1467 quod
1222 1401 1322 1445 verus
1355 1377 1451 1442 valor

397 1482 468 1568 ejus
490 1484 524 1549 in
550 1490 638 1551 certo
671 1485 804 1551 redditu
837 1485 883 1551 ad
915 1491 1042 1573 septem
1073 1504 1200 1550 marcas
1233 1481 1391 1555 ascendit,
1413 1483 1450 1543 et

396 1584 606 1651 infuturum
638 1588 793 1653 ascendet
822 1589 998 1653 annuatim
1028 1592 1070 1651 ut
1091 1591 1263 1672 sperem
1294 1582 1450 1668 quodque

397 1685 529 1752 difficile
552 1688 597 1752 sit
620 1688 657 1752 in
690 1688 848 1773 praesenti
871 1689 1047 1754 honestum
1070 1688 1214 1773 reperire
1236 1684 1448 1761 sacerdotem,

394 1786 453 1871 qui
475 1808 536 1872 pro
570 1788 690 1854 salario
722 1789 834 1855 decem
867 1810 1054 1855 marcarum
1076 1788 1121 1853 ad
1151 1792 1222 1853 tam
1254 1783 1448 1850 continuam

393 1888 608 1955 resideuciam
644 1895 679 1955 et
716 1891 900 1957 cotidianas
937 1891 1177 1957 celebraciones
1214 1886 1371 1965 voluerit,
1408 1889 1448 1949 ut

391 1992 619 2074 praemittitur,
641 1994 781 2070 onerari,
805 1992 1083 2077 devocionemque
1106 1991 1190 2057 dicti
1213 1988 1350 2055 Domini
1372 2007 1449 2049 nos-

297 2126 303 2133 .
391 2090 437 2155 tri
468 2090 578 2179 Regis,
613 2094 722 2177 quoad
759 2098 979 2179 augmentum
1012 2093 1113 2157 dictae
1152 2090 1251 2166 dotis,
1287 2089 1448 2153 hactenus

390 2190 585 2259 frustratam
619 2216 688 2261 esse
710 2197 950 2281 comperimus:
982 2195 1177 2259 ordinamus
1198 2197 1235 2257 et
1257 2190 1448 2266 statuimus,

391 2294 543 2361 addendo
575 2297 780 2362 ordinacioni
813 2297 967 2383 praedicti
997 2294 1246 2382 praedecessoris
1267 2292 1383 2368 nostri,
1405 2290 1449 2355 de

389 2416 549 2462 consensu
581 2398 664 2463 dicti
688 2398 822 2463 Domini
849 2399 986 2465 Thomae
1009 2397 1167 2465 Custodia
1199 2394 1336 2481 praefati
1358 2392 1447 2456 Hos·

389 2497 503 2582 pitolis
549 2504 584 2564 et
618 2500 803 2566 executoris
850 2501 1099 2587 predecessoris
1136 2498 1243 2563 nostri
1282 2494 1445 2582 praedioti,

390 2599 479 2683 quod
502 2601 561 2665 dos
585 2599 683 2665 dictae
700 2600 870 2667 Centariae
885 2602 999 2668 decem
1015 2621 1199 2666 marcarum
1217 2619 1276 2683 per
1297 2596 1447 2683 quinque

389 2720 515 2767 marcas
546 2706 582 2765 et
615 2702 798 2781 dimidiam,
820 2702 862 2768 de
884 2709 1012 2789 septem
1046 2701 1165 2767 marcis
1187 2698 1339 2764 redditus
1360 2718 1445 2761 mes-

389 2800 497 2886 suagii
528 2801 599 2867 sive
631 2804 815 2869 tenementi
848 2804 1000 2889 praedicti
1031 2824 1091 2890 per
1114 2800 1297 2869 Dominum
1318 2799 1445 2883 Regem

390 2903 462 2970 dati
484 2908 525 2969 ut
546 2905 775 2989 praemittitur,
798 2905 1030 2994 percipiendas
1052 2926 1111 2991 per
1133 2902 1339 2970 sacerdotem
1360 2921 1445 2986 prae-

389 3003 524 3081 diotum,
548 3005 607 3090 qui
639 3005 742 3071 fuerit
764 3027 826 3092 pro
848 3011 1008 3093 tempore,
1032 3006 1135 3091 eequis
1165 3002 1380 3092 porcionibus
1400 3001 1446 3067 ad

389 3108 533 3188 quatuor
566 3105 647 3170 anni
679 3106 839 3170 terminos
874 3107 918 3171 ad
941 3129 1022 3192 quos
1054 3107 1151 3172 dictae
1182 3106 1296 3171 decem
1326 3122 1445 3168 marcae

393 3204 430 3268 in
452 3204 662 3270 ordinacione
679 3207 762 3272 dicti
783 3207 1030 3294 praedecessoris
1052 3207 1158 3272 nostri
1172 3211 1253 3271 sunt
1267 3203 1444 3280 solvenda,

387 3311 630 3391 augmentetur,
648 3314 682 3372 et
704 3309 843 3374 eandem
859 3307 1053 3375 cantariam
1075 3329 1152 3374 cum
1174 3307 1274 3374 dictis
1296 3306 1444 3391 quinque

388 3409 506 3474 marcis
539 3413 573 3474 et
596 3409 745 3488 dimidia,
768 3415 883 3476 tenore
916 3411 1144 3498 praesencium,
1166 3414 1446 3496 augmentamus;

387 3529 462 3575 cum
485 3514 651 3595 potestate
681 3533 740 3596 per
764 3511 893 3577 dictum
916 3512 1136 3599 Capellanum
1159 3510 1385 3597 distringendi
1405 3509 1444 3574 in

388 3610 477 3677 dicto
509 3612 694 3697 memuagio
717 3635 775 3678 seu
807 3618 1000 3680 tenemento
1022 3615 1075 3680 Lu
1099 3613 1270 3698 maome,
1293 3634 1353 3698 per
1374 3611 1443 3677 Do·

387 3713 515 3778 minum
549 3718 700 3778 nostrum
734 3713 859 3801 Regem
894 3717 975 3781 dato
1007 3722 1045 3780 ut
1078 3715 1261 3802 praefertur,
1288 3712 1444 3800 quociens

387 3818 463 3898 post
485 3813 629 3900 aliquem
662 3816 880 3881 terminorum
902 3819 1139 3904 praedictorum
1162 3819 1200 3882 in
1230 3816 1443 3882 ordinacione

388 3913 548 3999 predicta
586 3919 817 3982 contentorum
862 3939 940 4003 pers
985 3918 1100 3984 debita
1142 3918 1248 4004 ipsius
1293 3916 1445 3982 redditus

390 4016 537 4102 quinque
569 4039 753 4088 marcarum
787 4025 822 4085 et
855 4019 1013 4098 dimidiae,
1036 4022 1073 4085 in
1095 4025 1191 4106 parte
1213 4020 1269 4085 vel
1300 4020 1337 4083 in
1359 4023 1442 4098 toto,

390 4138 450 4203 per
482 4117 552 4184 dics
587 4118 775 4204 quindecim
807 4120 915 4186 eidem
937 4121 1116 4207 Capeliano
1146 4142 1215 4187 non
1244 4120 1348 4185 fuerit
1369 4141 1442 4206 per·

390 4217 507 4285 soluta.
568 4219 614 4286 Et
652 4221 731 4306 quia
767 4223 984 4307 praesente-oio
1014 4222 1181 4289 Canterius
1219 4224 1261 4288 de
1299 4223 1440 4298 Boume,

391 4319 559 4406 Hospitali
582 4323 741 4407 praedicto
771 4326 878 4392 unitae
908 4333 1009 4412 prout
1031 4329 1068 4392 in
1089 4328 1200 4413 prime
1229 4327 1441 4391 ordinacione

391 4420 558 4488 Canteriae
580 4425 750 4510 praedictae
778 4448 837 4512 per
868 4429 1139 4513 predecessorem
1170 4433 1323 4495 nostrum
1353 4427 1441 4494 facta

389 4522 521 4609 plonius
553 4525 752 4606 continetur,
783 4529 827 4592 ad
850 4529 1119 4596 Bartholomeum
1153 4531 1194 4596 de
1217 4531 1349 4596 Boume
1382 4550 1442 4594 seu

389 4623 460 4710 ejus
483 4623 621 4692 heredes
653 4632 714 4692 aut
743 4628 922 4716 assignatis
944 4637 1024 4696 ante
1057 4631 1213 4698 unionem
1246 4630 1443 4717 predictam

389 4725 589 4812 pertinebat,
623 4728 813 4810 statuimus,
835 4732 1037 4811 ordinamus,
1060 4738 1096 4800 et
1126 4736 1301 4822 propterea
1333 4731 1440 4799 decla·
