3350 5800
416 795 479 864 176
869 812 1005 864 urnam

239 995 324 1045 'hoe
414 989 458 1056 Et
489 997 537 1068 tu,
560 992 603 1057 ob
641 991 852 1058 devotionem
874 995 1103 1061 invictissimae
1135 995 1242 1060 crucis
1276 1015 1405 1060 necnon
1434 998 1474 1058 et

239 1061 399 1178 ffssffied
413 1092 544 1158 Sanctae
592 1093 709 1160 Mariae
752 1094 901 1183 Virginis
945 1097 1106 1184 gloriosa,
1140 1096 1331 1161 desiderans
1379 1094 1473 1181 apud

237 1199 284 1308 ⁰3}
294 1193 355 1244 '1²¹¹
412 1193 592 1260 Ecclesiam
607 1199 755 1260 nostram
772 1197 878 1262 vitam
894 1198 1012 1262 ducere
1027 1197 1194 1274 artiorem,
1209 1197 1324 1263 eodem
1339 1196 1472 1283 Spiritu

239 1276 251 1308 ⁵
285 1268 375 1310 Μ’*
411 1294 534 1360 sanes
557 1295 695 1378 ductum
724 1297 845 1363 ideireo
869 1297 932 1362 uu
963 1298 1172 1364 anamma
1195 1297 1400 1362 unanimiter
1431 1296 1471 1360 a

408 1399 574 1463 eommuui
611 1405 726 1464 nostra
771 1400 869 1465 domo
913 1401 1100 1486 capitulari,
1146 1405 1321 1486 quatenus,
1359 1399 1468 1486 petita

407 1499 541 1566 licentia
563 1523 584 1565 a
615 1506 674 1567 tuo
697 1501 810 1567 Priore
843 1507 878 1566 et
908 1501 1073 1588 Capitulo,
1100 1501 1172 1588 jam
1208 1502 1285 1567 sede
1317 1507 1468 1575 vacante,

405 1603 628 1668 transferendi
653 1611 695 1680 te,
718 1605 762 1669 ml
785 1603 967 1670 Ecclesiam
1001 1611 1151 1670 nostram
1175 1606 1290 1670 venire
1313 1604 1468 1678 valeatis,

406 1711 440 1772 et
471 1711 631 1792 tanquam
664 1710 777 1772 noster
808 1706 1064 1772 commonachus
1088 1707 1178 1773 inter
1211 1727 1272 1772 nos
1307 1710 1467 1793 perpetuo

404 1806 548 1872 Domino
586 1807 764 1887 famulari3
804 1813 913 1895 teque,
952 1830 1056 1895 quum
1095 1809 1228 1874 veneris
1262 1830 1338 1874 oum
1375 1808 1467 1872 dicta

406 1908 550 1985 licencia,
582 1909 726 1994 recipere
761 1910 990 1994 promittimus
1024 1911 1060 1974 in
1093 1915 1247 1975 nostrum
1278 1929 1467 1974 commona-

405 2011 502 2076 elmm
525 2017 561 2076 et
583 2011 792 2077 confratrem.
839 2011 882 2077 ln
897 2013 993 2098 eujus
1008 2014 1067 2089 rei,
1090 2018 1150 2080 eto
1198 2014 1288 2077 Data
1310 2012 1346 2076 in
1369 2011 1468 2076 domo

404 2119 520 2178 nostra
554 2113 729 2198 capitulari
762 2114 920 2179 vicesimo
954 2117 1073 2201 quinto
1107 2115 1306 2180 dianiensis
1339 2113 1468 2199 Aprilis

406 2235 493 2279 anno
517 2213 653 2280 Domini
676 2228 940 2282 M0cccc0xun50.

270 2541 355 2593 soa.
409 2519 760 2586 1021.-Aouos1r10
783 2519 965 2586 Jounums
997 2521 1147 2586 Pmoms
1170 2535 1280 2586 raom
1301 2536 1341 2584 rr
1364 2518 1470 2586 Oser-

262 2611 365 2671 (¹⁴⁴⁸)·
586 2638 677 2688 runo
715 2639 810 2688 rouo
849 2639 912 2688 nm
949 2623 1123 2688 Ocroarus
1154 2621 1294 2707 Fanum·
1328 2621 1468 2686 Tnosrn

236 2733 364 2786 uersa.
589 2725 730 2790 Arsene
753 2741 791 2790 m
814 2742 911 2791 v1r10
934 2741 1180 2791 rnorarrmrrs
1202 2741 1363 2790 nurnero.

234 2906 259 2955 A
272 2905 357 2964 mour,
458 2889 499 2955 ln
521 2889 585 2955 Dei
608 2890 762 2957 nomine:
793 2892 910 2957 Amen.
957 2889 1028 2956 Nos
1062 2889 1233 2957 lohannes
1255 2888 1467 2954 miseratione

236 2971 364 3087 u'ffgffi:
412 2992 528 3057 divina
551 2992 646 3057 Prior
661 2993 814 3059 Ecclesia
839 2992 965 3059 Christi
987 2991 1246 3068 cantuariensis,
1268 2991 1332 3057 tibi
1347 2990 1468 3056 Frater

234 3105 356 3154 vowscto
410 3092 536 3159 Thema
569 3093 687 3171 Asshe,
710 3094 950 3159 obedientiario
982 3100 1104 3171 nostro,
1136 3092 1332 3158 mandamus
1363 3096 1406 3168 et,
1428 3093 1467 3156 in

232 3171 355 3300 3522}
410 3195 537 3260 virtute
568 3200 690 3261 sanctae
723 3195 921 3261 obedientia
944 3217 1011 3281 qua
1041 3195 1136 3260 nobis
1169 3194 1303 3271 teneris,
1325 3193 1468 3259 firmiter

236 3303 368 3381 conuersa
412 3298 448 3361 in
470 3297 536 3362 hiis
568 3298 701 3384 seriptis
732 3296 949 3385 iujungimus,
972 3301 1147 3382 quatenus,
1165 3296 1254 3381 juris
1287 3295 1466 3382 exigentia,

234 3368 378 3500 ffliffss
408 3406 442 3466 et
465 3405 587 3466 nostra
613 3400 783 3487 religionis
815 3400 1063 3475 consuetudine,
1085 3420 1124 3464 ac
1152 3398 1256 3483 juxta
1289 3403 1466 3464 consuetu·

235 3500 370 3566 severary.
407 3500 501 3568 dines
539 3506 727 3567 sanctorum
759 3506 894 3587 patrum
933 3502 969 3565 in
1002 3522 1042 3566 ea
1075 3505 1169 3587 parte
1202 3500 1339 3586 provide
1377 3500 1466 3576 latae,

266 3896 297 3943 oo
311 3892 368 3944 oa,
409 3868 718 3953 lota-[Lmen
740 3864 878 3930 Domru
895 3863 1028 3930 Onnom
1050 3860 1139 3927 vumi
1161 3861 1271 3929 Rama
1293 3860 1463 3929 Famem

280 3963 351 4010 14⁴³·
674 3984 723 4033 nr>
746 3967 873 4033 Rromr
895 3966 1043 4031 Aroma
1066 3964 1194 4051 iussa]

234 4076 267 4129 N.
282 4079 359 4128 lfloa.

451 4141 483 4205 A
520 4137 685 4205 trechault
722 4140 756 4201 et
794 4135 958 4201 excellent
996 4135 1117 4220 prinae,
1152 4137 1265 4199 nostre
1302 4132 1464 4199 treschier

233 4212 377 4330 ffiffiss}
407 4264 538 4329 nepueu
560 4238 788 4325 Dangleterre,
805 4235 942 4301 Oharles
964 4257 1026 4321 par
1048 4235 1082 4301 la
1103 4256 1200 4322 grace
1223 4235 1264 4300 de
1280 4234 1368 4301 Dieu
1384 4234 1463 4321 Roy

235 4362 337 4421 assuas
350 4348 393 4397 the
406 4345 447 4409 de
470 4343 606 4420 Franoe,
629 4340 726 4417 salut,
742 4344 777 4404 et
799 4337 936 4405 cordiali
959 4337 1139 4403 affectionn
1161 4336 1203 4402 de
1226 4342 1313 4415 tout,
1328 4342 1363 4401 et
1384 4358 1461 4421 par·

233 4411 352 4542 {iffi
406 4446 486 4511 saite
521 4442 745 4519 concordam
777 4461 950 4507 commune
982 4439 1174 4506 dileccionn.
1219 4437 1396 4504 Treshault
1425 4444 1463 4503 et

234 4544 334 4621 tharha
406 4546 570 4615 excellent
601 4545 712 4631 prinae
745 4548 780 4609 et
813 4546 926 4609 nostre
959 4540 1119 4607 treschier
1151 4560 1290 4626 nepueu,
1313 4560 1374 4627 par
1396 4561 1460 4605 roz

233 4612 387 4728 ifflfor
405 4649 591 4737 graciouses
614 4652 649 4711 et
670 4644 827 4711 amiables
860 4644 985 4720 lettres,
1007 4662 1135 4728 qavons
1155 4662 1178 4707 a
1200 4646 1323 4727 graunt
1344 4640 1461 4726 plaisir

231 4742 275 4793 1¹¹⁰
287 4758 364 4811 ⁰08⁰·
404 4772 542 4827 receues,
565 4769 626 4834 par
660 4746 802 4812 Thomas
838 4745 914 4810 Hoo
946 4742 1093 4809 chivaler
1115 4748 1228 4807 vostre
1254 4741 1460 4817 conseillcur,
