3350 5800
443 886 508 954 370
867 904 1058 955 assaumis.

273 1113 347 1158 totto
443 1103 583 1170 tionibus,
598 1121 632 1160 ex
651 1105 829 1178 Apostolicae
848 1105 934 1162 Sedis
951 1110 1091 1162 consueta
1107 1105 1319 1175 benevolentia,
1340 1107 1502 1161 clementer

275 1165 429 1269 gfflbffffff
443 1189 611 1253 annuimus,
631 1195 661 1244 et
674 1189 835 1246 Ecclesiam
855 1189 940 1246 Beati
959 1189 1084 1244 Martini
1103 1188 1139 1244 de
1156 1190 1294 1256 Dereria,
1316 1191 1355 1245 ab
1372 1190 1500 1259 egregia

442 1271 651 1327 recordationis
664 1273 792 1328 Heurico
809 1273 920 1328 illustri
937 1280 968 1329 et
979 1273 1106 1344 glorioso
1123 1273 1288 1343 anglorum
1301 1274 1384 1344 Bege
1402 1272 1457 1326 tibi
1469 1277 1501 1326 et

443 1351 580 1410 Ecclesia
612 1355 815 1411 cantuariensi
846 1373 1011 1412 concessam
1037 1360 1068 1411 et
1097 1356 1207 1427 scripto
1243 1356 1400 1420 firmatam,
1433 1373 1501 1409 cnm

442 1437 576 1492 omnibus
594 1456 659 1509 quas
679 1440 934 1509 inpraesentiarum
949 1439 1030 1510 juste
1048 1445 1079 1494 et
1097 1439 1231 1508 legitime
1249 1438 1391 1510 possidet.
1405 1445 1458 1494 aut
1469 1437 1502 1492 in

444 1521 574 1576 futurum
600 1523 779 1578 liberalitate
806 1523 932 1594 Regum,
964 1523 1124 1593 largitione
1152 1522 1333 1593 Principum,
1354 1520 1502 1577 oblatione

442 1603 582 1670 fidelium,
603 1623 654 1660 seu
673 1606 738 1660 aliis
754 1607 845 1676 justis
873 1606 979 1670 modis,
999 1610 1157 1677 prestante
1185 1605 1322 1671 Domino,
1339 1605 1500 1661 rationabi-

443 1689 510 1743 liter
528 1691 637 1760 poterit
655 1690 788 1762 adipisci,
809 1691 864 1746 tibi
883 1691 1004 1760 tuisque
1032 1690 1247 1745 successoribus
1274 1708 1327 1762 per
1354 1708 1409 1744 nes
1427 1689 1501 1744 Cau·

445 1773 588 1828 tnarieusi
609 1773 746 1828 Ecclesiae
764 1772 987 1845 inperpetuum¹
1006 1773 1222 1838 confirmamus,
1241 1773 1391 1845 similique
1413 1773 1500 1828 modo

441 1858 619 1922 sanetimus;
641 1863 671 1914 et
689 1857 852 1928 apostolica
869 1857 1044 1913 auctoritate
1064 1856 1259 1924 deceruimus,
1272 1865 1307 1912 ut
1323 1859 1357 1912 in
1374 1858 1501 1928 prelata

441 1943 526 1996 Beati
543 1942 666 1997 Martini
684 1941 816 1997 Ecclesia
833 1942 904 1997 ordo
921 1941 1112 2008 monasticus,
1125 1943 1286 1997 secundum
1298 1942 1381 1998 Beati
1401 1943 1495 1996 Beue·

441 2025 511 2078 dicti
524 2026 668 2095 regulam,
682 2029 839 2088 statuatur,
854 2025 952 2096 ibique
964 2025 1074 2079 tuturis
1086 2024 1296 2080 inviolabiliter
1308 2029 1500 2080 conservetur

440 2108 626 2178 temporibus.
663 2107 746 2162 Nulli
764 2125 834 2178 ergo
846 2107 958 2161 homini
971 2107 1016 2161 sas
1029 2108 1070 2161 sit
1082 2107 1321 2162 Oantnariensem
1334 2107 1497 2162 Ecclesiam

439 2209 526 2261 super
551 2192 604 2245 hcc
622 2197 731 2246 temere
762 2192 943 2262 perturbare,
962 2191 1161 2260 autaliquem
1188 2191 1216 2246 ei
1236 2191 1340 2245 exinde
1370 2190 1498 2245 dimissu

440 2276 551 2329 tionem
569 2274 615 2330 rel
640 2275 881 2330 contrarietatem
903 2273 1022 2329 inferre.
1072 2273 1171 2346 Siquis
1188 2281 1288 2330 autem
1304 2274 1375 2328 buic
1393 2293 1498 2331 noszrc

439 2355 556 2412 decreto
564 2375 635 2411 ausu
648 2357 803 2412 temerario
814 2357 960 2412 contraire
974 2357 1224 2428 (atltemptaverit,
1239 2357 1356 2412 honoris
1367 2363 1399 2412 et
1411 2358 1499 2412 officii

439 2441 484 2494 sui
498 2439 660 2510 periculum
674 2441 835 2511 paccatur?
845 2446 896 2494 aut
904 2439 1211 2494 excommunicationis
1218 2441 1331 2496 ultione
1341 2442 1499 2512 plectetur,

439 2523 496 2576 nisi
509 2523 768 2594 presumptionem
776 2538 858 2578 susm
872 2522 963 2592 digna
975 2521 1175 2578 satisfactione
1187 2524 1362 2590 correxerit3
1382 2541 1499 2580 censer·

440 2609 544 2660 ventes
563 2611 672 2670 autem,
692 2623 710 2660 a
728 2605 816 2660 Patre
835 2605 1103 2660 misericordiarum
1127 2611 1156 2661 et
1181 2607 1272 2661 tetius
1290 2607 1500 2663 consolationis

440 2689 509 2752 Deo,
531 2705 666 2743 corenam
685 2694 867 2760 perpetuam,
890 2695 921 2744 et
948 2689 1108 2743 Beatorum
1126 2689 1334 2760 Apostolorum
1360 2692 1445 2746 Petri
1469 2697 1500 2746 et

439 2771 522 2825 Pauli
553 2771 777 2826 desiderabilem
810 2771 938 2840 gratiam
966 2778 1199 2842 consequantur:
1230 2772 1336 2828 Amen.
1384 2775 1499 2830 Datim

439 2853 586 2915 Laterani,
624 2869 677 2925 per
713 2871 833 2908 manum
864 2852 1005 2909 Almerici
1038 2853 1153 2909 Sanctae
1184 2853 1324 2909 Romana
1355 2856 1498 2911 Ecclesia

438 3021 604 3075 indictione
638 3022 693 3091 iij¹,
731 3022 947 3075 incarnationis
986 3020 1148 3076 Dominicas
1186 3039 1262 3076 anno
1299 3024 1496 3093 1⁰cxxxriij'·,

438 3105 624 3175 pontificatus
669 3122 738 3160 vero
774 3106 893 3159 Domini
919 3105 1086 3160 Innocentii
1123 3105 1211 3175 Papa
1248 3104 1374 3160 Secunffi
1419 3125 1497 3163 auno

438 3189 561 3244 decimo.

296 3456 405 3509 (alita)
437 3447 883 3517 27.-[OnnrssrroT11sossnn1
903 3446 1126 3505 Ancurarsscorr
1144 3466 1180 3504 nr
1199 3449 1384 3504 Morasrmo
1404 3450 1496 3505 Banu

271 3566 378 3615 unqe,
788 3530 918 3586 Maurus
936 3546 974 3585 na
992 3532 1148 3601 Daseusa]

267 3680 415 3733 amatistes
473 3664 656 3719 Theobaldus
687 3665 742 3719 Dei
772 3666 869 3735 gratia
899 3663 1121 3720 cantuariensis
1149 3664 1407 3737 archiepiscopus,
1437 3672 1494 3721 etc.

265 3732 411 3825 sfgffiffiu
437 3750 572 3805 omnibus
614 3750 729 3805 Sanctae
760 3748 866 3804 Matris
902 3748 1042 3805 Ecclesia
1073 3750 1152 3815 filiis,
1183 3752 1316 3805 salutem.
1354 3749 1426 3818 Quas
1456 3752 1494 3806 ad

267 3832 386 3925 mffie
437 3832 576 3887 honorem
603 3840 633 3887 et
657 3832 819 3887 utilitatem
845 3832 984 3887 Ecclesia
1010 3833 1075 3898 Dei,
1106 3839 1137 3888 et
1161 3834 1315 3903 religionis
1344 3851 1445 3904 pacem
1463 3841 1494 3889 et

269 3932 411 3975 onomate·
436 3916 576 3987 quietem.
603 3921 715 3971 statute
740 3921 820 3981 sunt,
847 3919 882 3970 ut
908 3917 1026 3971 stabilia
1052 3922 1082 3971 et
1106 3917 1278 3972 inconvulsa
1303 3926 1493 3989 permaneant

266 3982 407 4083 ξοξζῖῗξξῃ
437 3999 596 4054 munienda
621 4005 691 4053 sunt
716 3998 867 4070 perpetuis
894 3998 1094 4054 firmamentis.
1143 3999 1217 4055 Inde
1247 4006 1300 4063 est,
1331 4000 1409 4071 quod
1437 4018 1491 4055 nos

264 4082 346 4125 dalion
374 4132 379 4143 ,
438 4080 598 4135 Ecclesiam
625 4082 709 4135 Beati
737 4080 860 4135 Martini
890 4081 926 4135 de
952 4082 1089 4147 Dovoria,
1116 4082 1148 4136 in
1175 4100 1244 4151 qua,
1271 4088 1389 4137 auctore
1418 4085 1489 4148 Deo,

267 4132 398 4225 {iiim
438 4164 632 4218 monasticum
671 4163 813 4227 ordinem,
841 4162 950 4218 ibidem
994 4169 1132 4234 perpetue
1166 4182 1400 4235 permansurum,
1436 4166 1490 4221 sub

265 4232 392 4325 :fflffi'
438 4246 539 4301 ordine
559 4252 589 4301 et
607 4246 763 4318 disciplina
781 4246 1001 4300 Cantuariensis
1020 4246 1167 4311 Ecclesia,
1188 4248 1381 4312 instituimus,
1395 4248 1491 4303 eidem

267 4332 382 4375 rsonehut
439 4330 578 4385 Ecclesiae
609 4328 813 4385 cantuariensi
844 4328 1067 4395 confirmemus3
1105 4336 1267 4386 statuentcs
1293 4338 1329 4385 ut
1350 4332 1491 4402 jamdicta

261 4382 408 4477 militia
440 4413 525 4468 Beati
555 4413 677 4469 Martini
709 4412 849 4477 Ecclesia,
868 4412 1064 4468 monasticum
1095 4413 1228 4469 ordinem
1264 4415 1318 4469 sub
1347 4416 1491 4487 regimine

266 4482 391 4526 ⁰¹¹¹¹¹⁰¹¹⁰¹
440 4498 551 4552 Prioris
577 4502 717 4569 perpetuo
743 4513 870 4561 servans,
890 4496 970 4552 sicut
995 4496 1071 4552 cella
1097 4497 1316 4553 Gautuarieusis
1341 4498 1490 4567 Ecclesia,

471 4716 660 4786 ¹provideads's
687 4732 717 4767 or
748 4732 818 4767 some
846 4716 942 4767 similer

438 4802 506 4852 word
518 4799 540 4849 is
552 4798 613 4849 here
625 4796 747 4861 required.
1020 4753 1031 4785 ²
1047 4752 1083 4803 ⁸³⁰
1095 4754 1150 4803 MS·
1160 4755 1289 4818 Pssfi‘lfflr·
