3350 5800
611 878 902 929 cssruasrnssrs.
1225 864 1291 931 139

223 1066 333 1132 vestri
371 1066 520 1133 humiles
563 1072 598 1133 et
642 1066 756 1133 devoti
799 1064 863 1130 filii
901 1062 1071 1131 Johannes
1114 1064 1209 1130 Prior
1252 1046 1447 1167 etlgfflffl

226 1166 426 1253 Capitulum
449 1174 572 1236 vestrae
602 1173 724 1235 sanctae
748 1165 1000 1235 (lantoniensis
1022 1164 1186 1245 Ecclesiae,
1208 1166 1286 1232 obe·
1298 1180 1459 1248 moooffioee

226 1270 393 1337 dientiam
433 1275 469 1337 et
507 1270 729 1337 reverentiam
767 1273 864 1336 tanto
905 1268 994 1355 patri
1032 1269 1171 1348 debitas,
1209 1288 1285 1335 cum
1297 1246 1441 1367 ἓξὲξ

228 1372 364 1439 honore.
410 1372 530 1439 Divini
562 1372 692 1439 consilii
729 1370 973 1437 inaestimabilis
1006 1370 1152 1436 altitudo
1189 1371 1385 1437 cordachriet

229 1478 386 1555 filiorum,
408 1482 586 1563 paternum
608 1476 754 1542 reditum
777 1475 909 1541 ardenti
932 1474 1094 1540 desiderio
1116 1475 1286 1562 postulan·
1299 1449 1450 1567 ffiffiffl

231 1580 331 1657 tium,
368 1578 597 1645 inaestimabili
649 1578 863 1663 jocunditate
905 1574 1077 1655 fecundat,
1123 1577 1204 1642 dum
1247 1578 1288 1644 de
1301 1583 1385 1659 ofthe

232 1703 384 1769 regressu
418 1687 532 1748 vestro
566 1681 654 1748 felici
692 1680 733 1745 de
765 1680 916 1747 Francire
953 1678 1107 1766 partibus
1141 1700 1289 1747 rumores
1301 1649 1426 1768 ffi

231 1783 381 1871 placidos
405 1789 439 1849 et
469 1782 635 1869 jucundos
657 1782 842 1848 meruerint
865 1780 1025 1847 exaudiri.
1072 1780 1160 1847 Sane
1193 1786 1291 1867 pater

233 1885 519 1965 reverendissime,
542 1886 755 1972 praedilectus
790 1883 886 1949 vobis
908 1884 945 1947 in
968 1880 1103 1949 Christo
1134 1882 1233 1962 filius,
1257 1894 1292 1950 et

234 1988 402 2055 confrater
424 1992 536 2053 noster
558 1986 729 2053 Johannes
752 1985 925 2073 Langdon,
947 1983 1045 2050 nobis
1074 2004 1134 2071 per
1157 2006 1291 2051 suarum
1373 2053 1376 2057 Δ

233 2092 345 2177 apices
360 2090 548 2156 litterarum
563 2111 623 2176 per
645 2088 795 2155 ordinem
811 2088 981 2153 enarravit
996 2109 1096 2173 quam
1113 2088 1291 2176 diligenter

235 2198 271 2259 et
294 2214 394 2278 quam
416 2192 557 2277 benigne
580 2214 638 2277 pro
659 2196 850 2257 nostrorum
871 2190 1089 2278 negotiorum,
1112 2195 1224 2257 vestro
1253 2193 1290 2257 in

235 2294 384 2359 transitu
406 2294 448 2358 ad
483 2292 725 2359 Normanniam
758 2292 1028 2357 affectuosissime
1065 2292 1292 2373 admissorum,

237 2400 486 2479 ceterorumque
508 2395 655 2480 plurium
671 2395 707 2458 in
724 2392 964 2460 Normanniam
986 2415 1046 2479 pro
1069 2399 1164 2480 parte
1179 2401 1292 2462 nostra

235 2502 359 2562 vestrae
397 2496 594 2582 paternitati
632 2495 915 2562 reverendissimae
947 2495 1082 2561 interim
1120 2498 1292 2563 transmis-

237 2620 359 2675 sorum,
380 2618 420 2664 ac
440 2598 545 2684 ipsius
566 2596 591 2663 ,J
592 2596 732 2663 ohannis
755 2598 964 2683 promotione
986 2598 1157 2685 singulari,
1179 2604 1292 2665 vestra

237 2724 273 2767 se
295 2701 461 2767 solicitare
493 2699 632 2787 dignata
665 2714 717 2766 est
751 2699 935 2765 dominatio
968 2701 1120 2787 gratiose
1167 2702 1292 2768 Verum

238 2805 318 2871 licet
339 2807 461 2869 vestrae
483 2803 648 2889 paternali
678 2801 893 2889 generositati
915 2824 974 2889 pro
996 2804 1102 2869 tantis
1135 2804 1294 2889 impensis

239 2907 394 2974 Ecclesiae
427 2910 549 2971 vestrae
583 2911 618 2971 et
648 2905 743 2970 nobis
775 2904 942 2971 beneficiis
973 2905 1123 2985 infinitis,
1154 2912 1225 2972 tam
1257 2907 1295 2972 in

238 3009 393 3098 partibus
427 3006 658 3074 transmarinis
693 3029 793 3094 quam
827 3008 929 3074 etiam
960 3008 1152 3086 cismarinis,
1185 3030 1295 3097 regra-

239 3111 319 3178 tiari
357 3131 425 3176 non
463 3107 643 3175 sufficimus
680 3109 723 3174 ad
768 3110 978 3196 condignum,
1016 3110 1139 3176 illustri
1180 3115 1294 3178 tamen

240 3219 361 3278 vestrm
384 3211 567 3278 clementiae
589 3210 761 3297 paternali,
784 3210 956 3298 protolici
979 3211 1190 3298 expeditione
1212 3232 1295 3299 prae-

241 3315 416 3381 missorum
440 3319 475 3379 et
508 3313 715 3400 promotione
738 3313 894 3400 gratiosa,
918 3313 1024 3378 vestri
1047 3314 1109 3378 filii
1132 3315 1295 3382 antedicti

241 3416 446 3482 humillimas
475 3414 660 3502 gratiarum
691 3414 847 3493 actiones,
869 3420 910 3479 ut
940 3414 1129 3494 sufficimus,
1152 3416 1294 3481 exsolvi-

241 3542 324 3598 mus,
357 3523 393 3584 et
423 3517 557 3583 sinceris
595 3517 770 3583 affectibus
808 3516 1025 3595 cumulamus,
1057 3522 1091 3584 et
1125 3538 1186 3605 pro
1218 3539 1294 3584 oon·

241 3621 430 3687 tinuatione
464 3624 534 3684 tam
568 3619 633 3684 alti
664 3618 788 3685 favoris
824 3623 860 3685 et
889 3619 1011 3706 gratiae
1048 3619 1295 3706 procumbendo

243 3743 397 3811 rogamus
449 3720 610 3786 humilius
664 3741 729 3807 quo
782 3741 959 3806 possumus
1011 3727 1072 3788 aut
1126 3721 1294 3804 valemus3

244 3847 312 3892 non
349 3825 439 3890 enim
474 3827 571 3890 tanto
610 3824 698 3910 patri
736 3823 917 3912 condignas
952 3823 1068 3891 offerre
1106 3846 1167 3892 nos
1200 3847 1296 3915 posse

244 3927 456 4006 arbitramur,
493 3946 577 4012 quas
614 3929 785 3992 tantorum
831 3927 1041 4014 negotiorum
1079 3929 1223 4016 qualitas
1261 3934 1297 3997 st

243 4030 476 4097 beneficiorum
518 4027 724 4094 immensitas
769 4029 913 4117 exigunt
954 4034 990 4095 et
1032 4030 1218 4116 requirunt,
1261 4038 1296 4099 et

245 4133 333 4199 tanti
371 4131 476 4218 patris
516 4129 645 4218 expetit
682 4128 835 4196 altitudo.
893 4130 985 4197 Satis
1023 4133 1111 4198 enim
1149 4135 1297 4201 ostendit

246 4239 357 4301 vestra
393 4233 550 4300 nobilitas
587 4253 746 4320 generosa
783 4233 945 4319 quomodo
984 4233 1139 4301 Ecclesiae
1177 4242 1297 4303 vestrae

247 4338 395 4406 decorem
430 4336 542 4424 diligit
578 4335 706 4422 pariter
743 4341 779 4402 et
815 4335 984 4415 honorem,
1019 4358 1119 4422 quam
1156 4338 1297 4407 feliciter

248 4439 395 4506 exaltare
410 4457 511 4523 penes
533 4434 749 4523 apostolicam
772 4436 974 4523 dignitatem
998 4444 1031 4504 et
1054 4440 1297 4506 serenissimam

247 4541 371 4628 regiam
402 4539 611 4624 majestatem
644 4543 757 4606 vestra
778 4539 815 4604 iu
849 4541 1003 4607 omnibus
1033 4542 1157 4628 satagit
1187 4542 1299 4628 provi·

249 4643 363 4709 dentia
386 4638 581 4728 pastoralis3
604 4661 774 4726 speramus
808 4642 895 4707 enim
919 4643 956 4709 in
990 4642 1130 4709 dextera
1152 4641 1298 4707 Deitatis

248 4744 417 4810 vobiscum
469 4740 610 4806 faciente
665 4741 833 4821 virtutem,
883 4744 972 4830 quod
1025 4743 1299 4810 Cantuariensem
