<?xml version="1.0" encoding="UTF-8"?>
<!DOCTYPE html PUBLIC "-//W3C//DTD XHTML 1.0 Transitional//EN"
    "http://www.w3.org/TR/xhtml1/DTD/xhtml1-transitional.dtd">
<html xmlns="http://www.w3.org/1999/xhtml" xml:lang="en" lang="en">
 <head>
  <title>
</title>
<meta http-equiv="Content-Type" content="text/html;charset=utf-8" />
  <meta name='ocr-system' content='tesseract 3.04.00' />
  <meta name='ocr-capabilities' content='ocr_page ocr_carea ocr_par ocr_line ocrx_word'/>
</head>
<body>
  <div class='ocr_page' id='page_1' title='image "./literaecantuari00shepgoog/literaecantuari00shepgoog_0107.png"; bbox 0 0 3350 5800; ppageno 0'>
   <div class='ocr_carea' id='block_1_1' title="bbox 391 824 964 887">
    <p class='ocr_par' dir='ltr' id='par_1_1' title="bbox 391 824 964 887">
     <span class='ocr_line' id='line_1_1' title="bbox 391 824 964 887; baseline 0.003 -2"><span class='ocrx_word' id='word_1_1' title='bbox 391 824 433 885; x_wconf 85' lang='lat'>38</span> <span class='ocrx_word' id='word_1_2' title='bbox 829 838 964 887; x_wconf 77' lang='lat' dir='ltr'>urruns</span> 
     </span>
    </p>
   </div>
   <div class='ocr_carea' id='block_1_2' title="bbox 389 1020 1449 3336">
    <p class='ocr_par' dir='ltr' id='par_1_2' title="bbox 389 1020 1449 3336">
     <span class='ocr_line' id='line_1_2' title="bbox 391 1020 1444 1109; baseline -0.002 -20"><span class='ocrx_word' id='word_1_3' title='bbox 391 1024 534 1109; x_wconf 86' lang='lat' dir='ltr'>Herling</span> <span class='ocrx_word' id='word_1_4' title='bbox 572 1023 615 1087; x_wconf 91' lang='lat' dir='ltr'>ad</span> <span class='ocrx_word' id='word_1_5' title='bbox 653 1022 854 1108; x_wconf 86' lang='lat' dir='ltr'>praedictum</span> <span class='ocrx_word' id='word_1_6' title='bbox 892 1024 1078 1089; x_wconf 89' lang='lat' dir='ltr'>corrodium</span> <span class='ocrx_word' id='word_1_7' title='bbox 1115 1022 1283 1109; x_wconf 80' lang='lat' dir='ltr'>pensionis</span> <span class='ocrx_word' id='word_1_8' title='bbox 1320 1020 1444 1109; x_wconf 84' lang='lat' dir='ltr'>viginti</span> 
     </span>
     <span class='ocr_line' id='line_1_3' title="bbox 391 1123 1445 1211; baseline -0.002 -23"><span class='ocrx_word' id='word_1_9' title='bbox 391 1144 585 1201; x_wconf 85' lang='lat' dir='ltr'>marcarum,</span> <span class='ocrx_word' id='word_1_10' title='bbox 609 1124 652 1189; x_wconf 90' lang='lat' dir='ltr'>ad</span> <span class='ocrx_word' id='word_1_11' title='bbox 675 1127 829 1211; x_wconf 81' lang='lat' dir='ltr'>rogatum</span> <span class='ocrx_word' id='word_1_12' title='bbox 852 1123 957 1210; x_wconf 87' lang='lat' dir='ltr'>ipsius</span> <span class='ocrx_word' id='word_1_13' title='bbox 980 1124 1037 1190; x_wconf 88' lang='lat' dir='ltr'>avi</span> <span class='ocrx_word' id='word_1_14' title='bbox 1059 1124 1236 1200; x_wconf 68' lang='lat' dir='ltr'>nustriae</span> <span class='ocrx_word' id='word_1_15' title='bbox 1258 1128 1335 1209; x_wconf 91' lang='lat' dir='ltr'>post</span> <span class='ocrx_word' id='word_1_16' title='bbox 1355 1144 1445 1187; x_wconf 90' lang='lat' dir='ltr'>mor-</span> 
     </span>
     <span class='ocr_line' id='line_1_4' title="bbox 392 1225 1444 1312; baseline -0.002 -21"><span class='ocrx_word' id='word_1_17' title='bbox 392 1231 475 1309; x_wconf 86' lang='lat' dir='ltr'>tem¹</span> <span class='ocrx_word' id='word_1_18' title='bbox 487 1226 638 1311; x_wconf 83' lang='lat' dir='ltr'>praedicti</span> <span class='ocrx_word' id='word_1_19' title='bbox 659 1226 823 1291; x_wconf 85' lang='lat' dir='ltr'>Johannis</span> <span class='ocrx_word' id='word_1_20' title='bbox 846 1226 990 1312; x_wconf 86' lang='lat' dir='ltr'>Herling</span> <span class='ocrx_word' id='word_1_21' title='bbox 1012 1227 1211 1292; x_wconf 84' lang='lat' dir='ltr'>Lambertns</span> <span class='ocrx_word' id='word_1_22' title='bbox 1234 1225 1370 1290; x_wconf 89' lang='lat' dir='ltr'>Fermor</span> <span class='ocrx_word' id='word_1_23' title='bbox 1399 1225 1444 1290; x_wconf 90' lang='lat' dir='ltr'>ad</span> 
     </span>
     <span class='ocr_line' id='line_1_5' title="bbox 390 1325 1444 1414; baseline -0.003 -22"><span class='ocrx_word' id='word_1_24' title='bbox 390 1328 587 1414; x_wconf 77' lang='lat' dir='ltr'>praedictum</span> <span class='ocrx_word' id='word_1_25' title='bbox 622 1328 807 1393; x_wconf 89' lang='lat' dir='ltr'>corrodium</span> <span class='ocrx_word' id='word_1_26' title='bbox 841 1328 1011 1414; x_wconf 79' lang='lat' dir='ltr'>pensionis</span> <span class='ocrx_word' id='word_1_27' title='bbox 1036 1327 1158 1413; x_wconf 87' lang='lat' dir='ltr'>viginti</span> <span class='ocrx_word' id='word_1_28' title='bbox 1193 1348 1378 1403; x_wconf 88' lang='lat' dir='ltr'>marcarum</span> <span class='ocrx_word' id='word_1_29' title='bbox 1400 1325 1444 1390; x_wconf 90' lang='lat' dir='ltr'>de</span> 
     </span>
     <span class='ocr_line' id='line_1_6' title="bbox 390 1427 1442 1514; baseline -0.004 -20"><span class='ocrx_word' id='word_1_30' title='bbox 390 1429 488 1494; x_wconf 92' lang='lat' dir='ltr'>domo</span> <span class='ocrx_word' id='word_1_31' title='bbox 527 1428 686 1514; x_wconf 72' lang='lat' dir='ltr'>praedicta</span> <span class='ocrx_word' id='word_1_32' title='bbox 723 1429 899 1493; x_wconf 90' lang='lat' dir='ltr'>annuatim</span> <span class='ocrx_word' id='word_1_33' title='bbox 937 1427 1169 1514; x_wconf 80' lang='lat' dir='ltr'>percipiendae,</span> <span class='ocrx_word' id='word_1_34' title='bbox 1207 1428 1252 1492; x_wconf 90' lang='lat' dir='ltr'>ad</span> <span class='ocrx_word' id='word_1_35' title='bbox 1289 1428 1442 1513; x_wconf 85' lang='lat' dir='ltr'>rogatum</span> 
     </span>
     <span class='ocr_line' id='line_1_7' title="bbox 389 1528 1444 1616; baseline -0.001 -22"><span class='ocrx_word' id='word_1_36' title='bbox 389 1534 550 1605; x_wconf 88' lang='lat' dir='ltr'>nostrum,</span> <span class='ocrx_word' id='word_1_37' title='bbox 572 1550 633 1615; x_wconf 90' lang='lat' dir='ltr'>per</span> <span class='ocrx_word' id='word_1_38' title='bbox 654 1528 801 1594; x_wconf 81' lang='lat' dir='ltr'>Priorem</span> <span class='ocrx_word' id='word_1_39' title='bbox 829 1536 865 1593; x_wconf 86' lang='lat' dir='ltr'>et</span> <span class='ocrx_word' id='word_1_40' title='bbox 887 1528 1101 1595; x_wconf 80' lang='lat' dir='ltr'>Conveniam</span> <span class='ocrx_word' id='word_1_41' title='bbox 1122 1528 1188 1595; x_wconf 92' lang='lat' dir='ltr'>loci</span> <span class='ocrx_word' id='word_1_42' title='bbox 1210 1528 1361 1616; x_wconf 73' lang='lat' dir='ltr'>praedicti</span> <span class='ocrx_word' id='word_1_43' title='bbox 1382 1548 1444 1614; x_wconf 89' lang='lat' dir='ltr'>pro</span> 
     </span>
     <span class='ocr_line' id='line_1_8' title="bbox 389 1631 1444 1718; baseline -0.005 -20"><span class='ocrx_word' id='word_1_44' title='bbox 389 1637 537 1718; x_wconf 88' lang='lat' dir='ltr'>tempore</span> <span class='ocrx_word' id='word_1_45' title='bbox 580 1632 761 1695; x_wconf 84' lang='lat' dir='ltr'>existentes</span> <span class='ocrx_word' id='word_1_46' title='bbox 798 1631 933 1695; x_wconf 85' lang='lat' dir='ltr'>admissi</span> <span class='ocrx_word' id='word_1_47' title='bbox 971 1631 1108 1697; x_wconf 79' lang='lat' dir='ltr'>fuenmc</span> <span class='ocrx_word' id='word_1_48' title='bbox 1139 1638 1174 1696; x_wconf 92' lang='lat' dir='ltr'>et</span> <span class='ocrx_word' id='word_1_49' title='bbox 1205 1632 1346 1715; x_wconf 91' lang='lat' dir='ltr'>recepti;</span> <span class='ocrx_word' id='word_1_50' title='bbox 1383 1650 1444 1694; x_wconf 91' lang='lat' dir='ltr'>nos</span> 
     </span>
     <span class='ocr_line' id='line_1_9' title="bbox 391 1730 1445 1817; baseline -0.005 -18"><span class='ocrx_word' id='word_1_51' title='bbox 391 1735 434 1799; x_wconf 94' lang='lat' dir='ltr'>ob</span> <span class='ocrx_word' id='word_1_52' title='bbox 468 1732 627 1798; x_wconf 76' lang='lat' dir='ltr'>sinceram</span> <span class='ocrx_word' id='word_1_53' title='bbox 661 1732 874 1797; x_wconf 88' lang='lat' dir='ltr'>devotionem</span> <span class='ocrx_word' id='word_1_54' title='bbox 906 1754 1007 1817; x_wconf 92' lang='lat' dir='ltr'>quam</span> <span class='ocrx_word' id='word_1_55' title='bbox 1038 1733 1081 1797; x_wconf 92' lang='lat' dir='ltr'>ad</span> <span class='ocrx_word' id='word_1_56' title='bbox 1116 1733 1313 1817; x_wconf 86' lang='lat' dir='ltr'>praedictum</span> <span class='ocrx_word' id='word_1_57' title='bbox 1344 1730 1445 1817; x_wconf 85' lang='lat' dir='ltr'>glori·</span> 
     </span>
     <span class='ocr_line' id='line_1_10' title="bbox 392 1831 1445 1918; baseline -0.003 -18"><span class='ocrx_word' id='word_1_58' title='bbox 392 1856 486 1901; x_wconf 87' lang='lat' dir='ltr'>osum</span> <span class='ocrx_word' id='word_1_59' title='bbox 517 1833 689 1911; x_wconf 78' lang='lat' dir='ltr'>Martinam</span> <span class='ocrx_word' id='word_1_60' title='bbox 724 1831 885 1898; x_wconf 84' lang='lat' dir='ltr'>Sanctum</span> <span class='ocrx_word' id='word_1_61' title='bbox 919 1833 1081 1899; x_wconf 85' lang='lat' dir='ltr'>Thomam</span> <span class='ocrx_word' id='word_1_62' title='bbox 1113 1834 1150 1898; x_wconf 91' lang='lat' dir='ltr'>in</span> <span class='ocrx_word' id='word_1_63' title='bbox 1181 1833 1329 1898; x_wconf 87' lang='lat' dir='ltr'>Ecclesia</span> <span class='ocrx_word' id='word_1_64' title='bbox 1360 1853 1445 1918; x_wconf 86' lang='lat' dir='ltr'>prae·</span> 
     </span>
     <span class='ocr_line' id='line_1_11' title="bbox 392 1934 1446 2021; baseline -0.002 -21"><span class='ocrx_word' id='word_1_65' title='bbox 392 1935 490 2011; x_wconf 89' lang='lat' dir='ltr'>dicta,</span> <span class='ocrx_word' id='word_1_66' title='bbox 514 1956 587 2019; x_wconf 81' lang='lat' dir='ltr'>quae</span> <span class='ocrx_word' id='word_1_67' title='bbox 620 1936 660 1998; x_wconf 91' lang='lat' dir='ltr'>de</span> <span class='ocrx_word' id='word_1_68' title='bbox 684 1934 884 2000; x_wconf 80' lang='lat' dir='ltr'>fundacione</span> <span class='ocrx_word' id='word_1_69' title='bbox 918 1936 1169 2021; x_wconf 86' lang='lat' dir='ltr'>progenitorum</span> <span class='ocrx_word' id='word_1_70' title='bbox 1199 1940 1387 1999; x_wconf 88' lang='lat' dir='ltr'>nostrorum</span> <span class='ocrx_word' id='word_1_71' title='bbox 1409 1940 1446 1999; x_wconf 91' lang='lat' dir='ltr'>et</span> 
     </span>
     <span class='ocr_line' id='line_1_12' title="bbox 392 2035 1445 2121; baseline 0 -22"><span class='ocrx_word' id='word_1_72' title='bbox 392 2040 504 2100; x_wconf 90' lang='lat' dir='ltr'>nostro</span> <span class='ocrx_word' id='word_1_73' title='bbox 535 2035 652 2099; x_wconf 77' lang='lat' dir='ltr'>existit</span> <span class='ocrx_word' id='word_1_74' title='bbox 682 2040 872 2121; x_wconf 75' lang='lat' dir='ltr'>patronatu,</span> <span class='ocrx_word' id='word_1_75' title='bbox 904 2042 943 2102; x_wconf 89' lang='lat' dir='ltr'>ut</span> <span class='ocrx_word' id='word_1_76' title='bbox 973 2036 1194 2121; x_wconf 88' lang='lat' dir='ltr'>praemittitur</span> <span class='ocrx_word' id='word_1_77' title='bbox 1232 2035 1445 2110; x_wconf 89' lang='lat' dir='ltr'>translatum,</span> 
     </span>
     <span class='ocr_line' id='line_1_13' title="bbox 393 2134 1446 2221; baseline -0.001 -21"><span class='ocrx_word' id='word_1_78' title='bbox 393 2157 431 2200; x_wconf 90' lang='lat' dir='ltr'>ac</span> <span class='ocrx_word' id='word_1_79' title='bbox 465 2134 639 2221; x_wconf 81' lang='lat' dir='ltr'>specialem</span> <span class='ocrx_word' id='word_1_80' title='bbox 671 2134 880 2200; x_wconf 86' lang='lat' dir='ltr'>affectionem</span> <span class='ocrx_word' id='word_1_81' title='bbox 912 2137 1079 2220; x_wconf 82' lang='lat' dir='ltr'>quemad</span> <span class='ocrx_word' id='word_1_82' title='bbox 1103 2136 1283 2202; x_wconf 83' lang='lat' dir='ltr'>Ecclesiam</span> <span class='ocrx_word' id='word_1_83' title='bbox 1307 2135 1446 2221; x_wconf 78' lang='lat' dir='ltr'>praedic·</span> 
     </span>
     <span class='ocr_line' id='line_1_14' title="bbox 393 2235 1446 2325; baseline -0.004 -23"><span class='ocrx_word' id='word_1_84' title='bbox 393 2242 473 2315; x_wconf 86' lang='lat' dir='ltr'>tam,</span> <span class='ocrx_word' id='word_1_85' title='bbox 496 2257 535 2300; x_wconf 94' lang='lat' dir='ltr'>eo</span> <span class='ocrx_word' id='word_1_86' title='bbox 566 2235 730 2325; x_wconf 88' lang='lat' dir='ltr'>praecipue</span> <span class='ocrx_word' id='word_1_87' title='bbox 765 2237 853 2320; x_wconf 89' lang='lat' dir='ltr'>quod</span> <span class='ocrx_word' id='word_1_88' title='bbox 888 2238 1076 2302; x_wconf 85' lang='lat' dir='ltr'>carissimus</span> <span class='ocrx_word' id='word_1_89' title='bbox 1111 2238 1265 2302; x_wconf 90' lang='lat' dir='ltr'>dominus</span> <span class='ocrx_word' id='word_1_90' title='bbox 1288 2241 1324 2301; x_wconf 89' lang='lat' dir='ltr'>et</span> <span class='ocrx_word' id='word_1_91' title='bbox 1349 2240 1446 2321; x_wconf 76' lang='lat' dir='ltr'>patet</span> 
     </span>
     <span class='ocr_line' id='line_1_15' title="bbox 393 2335 1448 2425; baseline -0.002 -24"><span class='ocrx_word' id='word_1_92' title='bbox 393 2342 506 2401; x_wconf 88' lang='lat' dir='ltr'>noster</span> <span class='ocrx_word' id='word_1_93' title='bbox 543 2335 580 2399; x_wconf 92' lang='lat' dir='ltr'>in</span> <span class='ocrx_word' id='word_1_94' title='bbox 619 2336 734 2401; x_wconf 89' lang='lat' dir='ltr'>eadem</span> <span class='ocrx_word' id='word_1_95' title='bbox 770 2336 916 2402; x_wconf 86' lang='lat' dir='ltr'>Ecclesia</span> <span class='ocrx_word' id='word_1_96' title='bbox 954 2344 1003 2402; x_wconf 88' lang='lat' dir='ltr'>est</span> <span class='ocrx_word' id='word_1_97' title='bbox 1043 2339 1202 2424; x_wconf 87' lang='lat' dir='ltr'>sepultus,</span> <span class='ocrx_word' id='word_1_98' title='bbox 1234 2338 1379 2425; x_wconf 85' lang='lat' dir='ltr'>gerimus</span> <span class='ocrx_word' id='word_1_99' title='bbox 1410 2342 1448 2400; x_wconf 88' lang='lat' dir='ltr'>et</span> 
     </span>
     <span class='ocr_line' id='line_1_16' title="bbox 393 2440 1446 2526; baseline 0 -23"><span class='ocrx_word' id='word_1_100' title='bbox 393 2440 574 2520; x_wconf 83' lang='lat' dir='ltr'>habemus3</span> <span class='ocrx_word' id='word_1_101' title='bbox 611 2460 738 2505; x_wconf 85' lang='lat' dir='ltr'>necnon</span> <span class='ocrx_word' id='word_1_102' title='bbox 771 2461 829 2525; x_wconf 93' lang='lat' dir='ltr'>pro</span> <span class='ocrx_word' id='word_1_103' title='bbox 862 2462 900 2505; x_wconf 92' lang='lat' dir='ltr'>eo</span> <span class='ocrx_word' id='word_1_104' title='bbox 934 2442 1023 2526; x_wconf 90' lang='lat' dir='ltr'>quod</span> <span class='ocrx_word' id='word_1_105' title='bbox 1057 2442 1152 2506; x_wconf 88' lang='lat' dir='ltr'>Prior</span> <span class='ocrx_word' id='word_1_106' title='bbox 1185 2448 1220 2506; x_wconf 90' lang='lat' dir='ltr'>et</span> <span class='ocrx_word' id='word_1_107' title='bbox 1253 2440 1446 2507; x_wconf 83' lang='lat' dir='ltr'>Conventus</span> 
     </span>
     <span class='ocr_line' id='line_1_17' title="bbox 393 2540 1447 2629; baseline -0.002 -22"><span class='ocrx_word' id='word_1_108' title='bbox 393 2544 456 2609; x_wconf 90' lang='lat' dir='ltr'>loci</span> <span class='ocrx_word' id='word_1_109' title='bbox 487 2540 648 2628; x_wconf 85' lang='lat' dir='ltr'>praedicti‚</span> <span class='ocrx_word' id='word_1_110' title='bbox 672 2545 706 2605; x_wconf 89' lang='lat' dir='ltr'>et</span> <span class='ocrx_word' id='word_1_111' title='bbox 737 2563 935 2607; x_wconf 83' lang='lat' dir='ltr'>successores</span> <span class='ocrx_word' id='word_1_112' title='bbox 958 2544 1010 2607; x_wconf 90' lang='lat' dir='ltr'>sui</span> <span class='ocrx_word' id='word_1_113' title='bbox 1040 2544 1294 2629; x_wconf 88' lang='lat' dir='ltr'>imperpetuum,</span> <span class='ocrx_word' id='word_1_114' title='bbox 1317 2548 1447 2607; x_wconf 87' lang='lat' dir='ltr'>utrum·</span> 
     </span>
     <span class='ocr_line' id='line_1_18' title="bbox 394 2640 1447 2728; baseline 0 -22"><span class='ocrx_word' id='word_1_115' title='bbox 394 2664 458 2727; x_wconf 87' lang='lat' dir='ltr'>que</span> <span class='ocrx_word' id='word_1_116' title='bbox 480 2642 602 2706; x_wconf 87' lang='lat' dir='ltr'>festum</span> <span class='ocrx_word' id='word_1_117' title='bbox 627 2640 741 2706; x_wconf 82' lang='lat' dir='ltr'>Sancti</span> <span class='ocrx_word' id='word_1_118' title='bbox 758 2641 917 2707; x_wconf 87' lang='lat' dir='ltr'>Edwardi</span> <span class='ocrx_word' id='word_1_119' title='bbox 932 2642 1034 2728; x_wconf 81' lang='lat' dir='ltr'>Regis</span> <span class='ocrx_word' id='word_1_120' title='bbox 1056 2649 1092 2708; x_wconf 92' lang='lat' dir='ltr'>et</span> <span class='ocrx_word' id='word_1_121' title='bbox 1108 2644 1266 2720; x_wconf 85' lang='lat' dir='ltr'>liartiris,</span> <span class='ocrx_word' id='word_1_122' title='bbox 1282 2642 1447 2717; x_wconf 88' lang='lat' dir='ltr'>videlicet,</span> 
     </span>
     <span class='ocr_line' id='line_1_19' title="bbox 395 2742 1448 2829; baseline -0.004 -20"><span class='ocrx_word' id='word_1_123' title='bbox 395 2744 539 2809; x_wconf 85' lang='lat' dir='ltr'>martirii</span> <span class='ocrx_word' id='word_1_124' title='bbox 562 2742 633 2826; x_wconf 89' lang='lat' dir='ltr'>ejus</span> <span class='ocrx_word' id='word_1_125' title='bbox 657 2747 692 2806; x_wconf 92' lang='lat' dir='ltr'>et</span> <span class='ocrx_word' id='word_1_126' title='bbox 707 2743 946 2821; x_wconf 83' lang='lat' dir='ltr'>translationis,</span> <span class='ocrx_word' id='word_1_127' title='bbox 963 2744 1104 2829; x_wconf 83' lang='lat' dir='ltr'>singulis</span> <span class='ocrx_word' id='word_1_128' title='bbox 1126 2744 1233 2822; x_wconf 90' lang='lat' dir='ltr'>annis,</span> <span class='ocrx_word' id='word_1_129' title='bbox 1249 2746 1286 2808; x_wconf 92' lang='lat' dir='ltr'>in</span> <span class='ocrx_word' id='word_1_130' title='bbox 1301 2743 1448 2810; x_wconf 83' lang='lat' dir='ltr'>Ecclesia</span> 
     </span>
     <span class='ocr_line' id='line_1_20' title="bbox 394 2844 1448 2934; baseline -0.003 -22"><span class='ocrx_word' id='word_1_131' title='bbox 394 2846 562 2934; x_wconf 77' lang='lat' dir='ltr'>praedicta,</span> <span class='ocrx_word' id='word_1_132' title='bbox 602 2846 762 2930; x_wconf 86' lang='lat' dir='ltr'>tanquam</span> <span class='ocrx_word' id='word_1_133' title='bbox 800 2844 887 2911; x_wconf 83' lang='lat' dir='ltr'>festa</span> <span class='ocrx_word' id='word_1_134' title='bbox 905 2925 910 2934; x_wconf 35' lang='grc' dir='ltr'>Ι</span> <span class='ocrx_word' id='word_1_135' title='bbox 930 2845 1136 2932; x_wconf 89' lang='lat' dir='ltr'>principalia,</span> <span class='ocrx_word' id='word_1_136' title='bbox 1173 2868 1249 2913; x_wconf 92' lang='lat' dir='ltr'>cum</span> <span class='ocrx_word' id='word_1_137' title='bbox 1294 2846 1448 2913; x_wconf 91' lang='lat' dir='ltr'>omnibus</span> 
     </span>
     <span class='ocr_line' id='line_1_21' title="bbox 395 2945 1447 3032; baseline -0.001 -21"><span class='ocrx_word' id='word_1_138' title='bbox 395 2945 684 3032; x_wconf 81' lang='lat' dir='ltr'>solempnitatibus</span> <span class='ocrx_word' id='word_1_139' title='bbox 718 2945 754 3008; x_wconf 92' lang='lat' dir='ltr'>in</span> <span class='ocrx_word' id='word_1_140' title='bbox 776 2945 871 3010; x_wconf 87' lang='lat' dir='ltr'>festis</span> <span class='ocrx_word' id='word_1_141' title='bbox 893 2946 1133 3032; x_wconf 80' lang='lat' dir='ltr'>principalibus</span> <span class='ocrx_word' id='word_1_142' title='bbox 1155 2949 1192 3011; x_wconf 91' lang='lat' dir='ltr'>in</span> <span class='ocrx_word' id='word_1_143' title='bbox 1223 2947 1315 3012; x_wconf 86' lang='lat' dir='ltr'>dicta</span> <span class='ocrx_word' id='word_1_144' title='bbox 1336 2945 1447 3012; x_wconf 88' lang='lat' dir='ltr'>Eccle-</span> 
     </span>
     <span class='ocr_line' id='line_1_22' title="bbox 394 3047 1449 3127; baseline -0.002 -13"><span class='ocrx_word' id='word_1_145' title='bbox 394 3049 444 3114; x_wconf 90' lang='lat' dir='ltr'>sia</span> <span class='ocrx_word' id='word_1_146' title='bbox 475 3047 651 3124; x_wconf 88' lang='lat' dir='ltr'>consuetis,</span> <span class='ocrx_word' id='word_1_147' title='bbox 683 3047 858 3124; x_wconf 88' lang='lat' dir='ltr'>tenebunt,</span> <span class='ocrx_word' id='word_1_148' title='bbox 889 3048 1124 3125; x_wconf 89' lang='lat' dir='ltr'>observabunt,</span> <span class='ocrx_word' id='word_1_149' title='bbox 1154 3054 1190 3114; x_wconf 89' lang='lat' dir='ltr'>et</span> <span class='ocrx_word' id='word_1_150' title='bbox 1212 3049 1449 3127; x_wconf 82' lang='lat' dir='ltr'>celebrabunt3</span> 
     </span>
     <span class='ocr_line' id='line_1_23' title="bbox 395 3148 1449 3236; baseline -0.003 -21"><span class='ocrx_word' id='word_1_151' title='bbox 395 3150 549 3235; x_wconf 86' lang='lat' dir='ltr'>idemque</span> <span class='ocrx_word' id='word_1_152' title='bbox 584 3148 680 3213; x_wconf 92' lang='lat' dir='ltr'>Prior</span> <span class='ocrx_word' id='word_1_153' title='bbox 714 3169 771 3213; x_wconf 89' lang='lat' dir='ltr'>seu</span> <span class='ocrx_word' id='word_1_154' title='bbox 794 3149 881 3214; x_wconf 89' lang='lat' dir='ltr'>alius</span> <span class='ocrx_word' id='word_1_155' title='bbox 916 3150 975 3234; x_wconf 90' lang='lat' dir='ltr'>qui</span> <span class='ocrx_word' id='word_1_156' title='bbox 1009 3149 1141 3214; x_wconf 89' lang='lat' dir='ltr'>missam</span> <span class='ocrx_word' id='word_1_157' title='bbox 1173 3151 1389 3236; x_wconf 86' lang='lat' dir='ltr'>principalem</span> <span class='ocrx_word' id='word_1_158' title='bbox 1412 3150 1449 3212; x_wconf 91' lang='lat' dir='ltr'>in</span> 
     </span>
     <span class='ocr_line' id='line_1_24' title="bbox 397 3250 1449 3336; baseline 0 -21"><span class='ocrx_word' id='word_1_159' title='bbox 397 3258 537 3336; x_wconf 90' lang='lat' dir='ltr'>utroque</span> <span class='ocrx_word' id='word_1_160' title='bbox 568 3250 727 3314; x_wconf 86' lang='lat' dir='ltr'>festorum</span> <span class='ocrx_word' id='word_1_161' title='bbox 765 3251 999 3336; x_wconf 81' lang='lat' dir='ltr'>praedictorum</span> <span class='ocrx_word' id='word_1_162' title='bbox 1038 3251 1226 3329; x_wconf 88' lang='lat' dir='ltr'>celebrabit,</span> <span class='ocrx_word' id='word_1_163' title='bbox 1257 3251 1449 3316; x_wconf 83' lang='lat' dir='ltr'>immediate</span> 
     </span>
    </p>
   </div>
   <div class='ocr_carea' id='block_1_3' title="bbox 396 3349 1583 3438">
    <p class='ocr_par' dir='ltr' id='par_1_3' title="bbox 396 3349 1583 3438">
     <span class='ocr_line' id='line_1_25' title="bbox 396 3349 1583 3438; baseline -0.007 -20"><span class='ocrx_word' id='word_1_164' title='bbox 396 3357 472 3438; x_wconf 90' lang='lat' dir='ltr'>post</span> <span class='ocrx_word' id='word_1_165' title='bbox 495 3351 678 3416; x_wconf 90' lang='lat' dir='ltr'>orationem</span> <span class='ocrx_word' id='word_1_166' title='bbox 702 3349 742 3414; x_wconf 90' lang='lat' dir='ltr'>de</span> <span class='ocrx_word' id='word_1_167' title='bbox 766 3351 828 3428; x_wconf 89' lang='lat' dir='ltr'>die,</span> <span class='ocrx_word' id='word_1_168' title='bbox 845 3352 1014 3435; x_wconf 89' lang='lat' dir='ltr'>quandam</span> <span class='ocrx_word' id='word_1_169' title='bbox 1037 3352 1220 3417; x_wconf 86' lang='lat' dir='ltr'>orationem</span> <span class='ocrx_word' id='word_1_170' title='bbox 1241 3373 1300 3437; x_wconf 92' lang='lat' dir='ltr'>pro</span> <span class='ocrx_word' id='word_1_171' title='bbox 1323 3351 1449 3415; x_wconf 89' lang='lat' dir='ltr'>salubri</span> <span class='ocrx_word' id='word_1_172' title='bbox 1577 3403 1583 3410; x_wconf 92' lang='lat'>.</span> 
     </span>
    </p>
   </div>
   <div class='ocr_carea' id='block_1_4' title="bbox 331 3452 1454 4855">
    <p class='ocr_par' dir='ltr' id='par_1_4' title="bbox 331 3452 1454 4855">
     <span class='ocr_line' id='line_1_26' title="bbox 397 3452 1447 3538; baseline -0.002 -20"><span class='ocrx_word' id='word_1_173' title='bbox 397 3457 488 3518; x_wconf 85' lang='lat' dir='ltr'>statu</span> <span class='ocrx_word' id='word_1_174' title='bbox 510 3455 624 3517; x_wconf 88' lang='lat' dir='ltr'>nostro</span> <span class='ocrx_word' id='word_1_175' title='bbox 647 3457 681 3516; x_wconf 91' lang='lat' dir='ltr'>et</span> <span class='ocrx_word' id='word_1_176' title='bbox 711 3453 932 3538; x_wconf 89' lang='lat' dir='ltr'>prosperitate</span> <span class='ocrx_word' id='word_1_177' title='bbox 955 3453 1050 3538; x_wconf 85' lang='lat' dir='ltr'>regni</span> <span class='ocrx_word' id='word_1_178' title='bbox 1080 3453 1198 3531; x_wconf 86' lang='lat' dir='ltr'>nostri,</span> <span class='ocrx_word' id='word_1_179' title='bbox 1222 3460 1257 3518; x_wconf 88' lang='lat' dir='ltr'>et</span> <span class='ocrx_word' id='word_1_180' title='bbox 1279 3452 1447 3538; x_wconf 89' lang='lat' dir='ltr'>quandam</span> 
     </span>
     <span class='ocr_line' id='line_1_27' title="bbox 396 3552 1451 3639; baseline -0.002 -21"><span class='ocrx_word' id='word_1_181' title='bbox 396 3554 496 3618; x_wconf 90' lang='lat' dir='ltr'>aliam</span> <span class='ocrx_word' id='word_1_182' title='bbox 520 3553 702 3617; x_wconf 89' lang='lat' dir='ltr'>orationem</span> <span class='ocrx_word' id='word_1_183' title='bbox 718 3552 789 3616; x_wconf 90' lang='lat' dir='ltr'>sive</span> <span class='ocrx_word' id='word_1_184' title='bbox 812 3552 983 3618; x_wconf 88' lang='lat' dir='ltr'>collectam</span> <span class='ocrx_word' id='word_1_185' title='bbox 1006 3574 1067 3638; x_wconf 92' lang='lat' dir='ltr'>pro</span> <span class='ocrx_word' id='word_1_186' title='bbox 1083 3554 1197 3618; x_wconf 89' lang='lat' dir='ltr'>anima</span> <span class='ocrx_word' id='word_1_187' title='bbox 1211 3554 1320 3619; x_wconf 86' lang='lat' dir='ltr'>Annae</span> <span class='ocrx_word' id='word_1_188' title='bbox 1343 3575 1451 3639; x_wconf 91' lang='lat' dir='ltr'>nuper</span> 
     </span>
     <span class='ocr_line' id='line_1_28' title="bbox 398 3654 1450 3741; baseline 0 -21"><span class='ocrx_word' id='word_1_189' title='bbox 398 3656 534 3740; x_wconf 82' lang='lat' dir='ltr'>Reginae</span> <span class='ocrx_word' id='word_1_190' title='bbox 556 3654 697 3741; x_wconf 82' lang='lat' dir='ltr'>Angliae,</span> <span class='ocrx_word' id='word_1_191' title='bbox 721 3655 881 3719; x_wconf 89' lang='lat' dir='ltr'>consortis</span> <span class='ocrx_word' id='word_1_192' title='bbox 908 3660 1042 3731; x_wconf 87' lang='lat' dir='ltr'>nostrae,</span> <span class='ocrx_word' id='word_1_193' title='bbox 1066 3656 1207 3721; x_wconf 86' lang='lat' dir='ltr'>durante</span> <span class='ocrx_word' id='word_1_194' title='bbox 1231 3657 1304 3721; x_wconf 89' lang='lat' dir='ltr'>vita</span> <span class='ocrx_word' id='word_1_195' title='bbox 1333 3662 1450 3720; x_wconf 86' lang='lat' dir='ltr'>nostra</span> 
     </span>
     <span class='ocr_line' id='line_1_29' title="bbox 397 3756 1446 3842; baseline -0.003 -19"><span class='ocrx_word' id='word_1_196' title='bbox 397 3759 506 3842; x_wconf 88' lang='lat' dir='ltr'>(cujus</span> <span class='ocrx_word' id='word_1_197' title='bbox 540 3756 674 3842; x_wconf 91' lang='lat' dir='ltr'>quidem</span> <span class='ocrx_word' id='word_1_198' title='bbox 706 3756 867 3821; x_wconf 88' lang='lat' dir='ltr'>consortis</span> <span class='ocrx_word' id='word_1_199' title='bbox 900 3761 1024 3822; x_wconf 87' lang='lat' dir='ltr'>nostrae</span> <span class='ocrx_word' id='word_1_200' title='bbox 1058 3757 1322 3822; x_wconf 87' lang='lat' dir='ltr'>anniversarium</span> <span class='ocrx_word' id='word_1_201' title='bbox 1344 3758 1446 3823; x_wconf 91' lang='lat' dir='ltr'>iidem</span> 
     </span>
     <span class='ocr_line' id='line_1_30' title="bbox 397 3856 1450 3943; baseline 0.002 -21"><span class='ocrx_word' id='word_1_202' title='bbox 397 3857 491 3922; x_wconf 92' lang='lat' dir='ltr'>Prior</span> <span class='ocrx_word' id='word_1_203' title='bbox 529 3861 563 3921; x_wconf 92' lang='lat' dir='ltr'>et</span> <span class='ocrx_word' id='word_1_204' title='bbox 602 3856 795 3922; x_wconf 79' lang='lat' dir='ltr'>Conventus</span> <span class='ocrx_word' id='word_1_205' title='bbox 834 3857 976 3943; x_wconf 83' lang='lat' dir='ltr'>siirgulis</span> <span class='ocrx_word' id='word_1_206' title='bbox 1013 3859 1112 3922; x_wconf 90' lang='lat' dir='ltr'>annis</span> <span class='ocrx_word' id='word_1_207' title='bbox 1150 3859 1332 3923; x_wconf 82' lang='lat' dir='ltr'>tenendum</span> <span class='ocrx_word' id='word_1_208' title='bbox 1369 3865 1450 3924; x_wconf 86' lang='lat' dir='ltr'>autc</span> 
     </span>
     <span class='ocr_line' id='line_1_31' title="bbox 396 3957 1449 4045; baseline 0.001 -22"><span class='ocrx_word' id='word_1_209' title='bbox 396 3959 468 4026; x_wconf 84' lang='lat' dir='ltr'>haec</span> <span class='ocrx_word' id='word_1_210' title='bbox 491 3963 640 4045; x_wconf 90' lang='lat' dir='ltr'>tempora</span> <span class='ocrx_word' id='word_1_211' title='bbox 674 3959 753 4021; x_wconf 89' lang='lat' dir='ltr'>sunt</span> <span class='ocrx_word' id='word_1_212' title='bbox 775 3957 921 4040; x_wconf 87' lang='lat' dir='ltr'>astricti)</span> <span class='ocrx_word' id='word_1_213' title='bbox 944 3962 978 4023; x_wconf 89' lang='lat' dir='ltr'>et</span> <span class='ocrx_word' id='word_1_214' title='bbox 1001 3963 1077 4044; x_wconf 88' lang='lat' dir='ltr'>post</span> <span class='ocrx_word' id='word_1_215' title='bbox 1103 3959 1271 4024; x_wconf 78' lang='lat' dir='ltr'>decessum</span> <span class='ocrx_word' id='word_1_216' title='bbox 1298 3964 1449 4024; x_wconf 88' lang='lat' dir='ltr'>nostrum</span> 
     </span>
     <span class='ocr_line' id='line_1_32' title="bbox 331 4061 1449 4147; baseline 0.002 -21"><span class='ocrx_word' id='word_1_217' title='bbox 331 4089 338 4103; x_wconf 80' lang='lat'><strong>.</strong></span> <span class='ocrx_word' id='word_1_218' title='bbox 396 4081 497 4128; x_wconf 89' lang='lat' dir='ltr'>unam</span> <span class='ocrx_word' id='word_1_219' title='bbox 530 4061 713 4126; x_wconf 91' lang='lat' dir='ltr'>oraticnem</span> <span class='ocrx_word' id='word_1_220' title='bbox 748 4062 883 4124; x_wconf 85' lang='lat' dir='ltr'>tantum</span> <span class='ocrx_word' id='word_1_221' title='bbox 905 4081 966 4147; x_wconf 93' lang='lat' dir='ltr'>pro</span> <span class='ocrx_word' id='word_1_222' title='bbox 997 4061 1109 4127; x_wconf 90' lang='lat' dir='ltr'>anima</span> <span class='ocrx_word' id='word_1_223' title='bbox 1131 4067 1246 4127; x_wconf 88' lang='lat' dir='ltr'>nostra</span> <span class='ocrx_word' id='word_1_224' title='bbox 1279 4075 1314 4127; x_wconf 87' lang='lat' dir='ltr'>et</span> <span class='ocrx_word' id='word_1_225' title='bbox 1336 4063 1449 4128; x_wconf 89' lang='lat' dir='ltr'>anima</span> 
     </span>
     <span class='ocr_line' id='line_1_33' title="bbox 396 4161 1451 4250; baseline 0 -22"><span class='ocrx_word' id='word_1_226' title='bbox 396 4164 500 4250; x_wconf 90' lang='lat' dir='ltr'>ipsius</span> <span class='ocrx_word' id='word_1_227' title='bbox 531 4161 691 4228; x_wconf 87' lang='lat' dir='ltr'>consortis</span> <span class='ocrx_word' id='word_1_228' title='bbox 723 4167 855 4239; x_wconf 89' lang='lat' dir='ltr'>nostrae,</span> <span class='ocrx_word' id='word_1_229' title='bbox 877 4162 1093 4249; x_wconf 91' lang='lat' dir='ltr'>solempniter</span> <span class='ocrx_word' id='word_1_230' title='bbox 1126 4163 1240 4244; x_wconf 80' lang='lat' dir='ltr'>dicet3</span> <span class='ocrx_word' id='word_1_231' title='bbox 1281 4163 1363 4230; x_wconf 89' lang='lat' dir='ltr'>dicti</span> <span class='ocrx_word' id='word_1_232' title='bbox 1397 4166 1451 4228; x_wconf 91' lang='lat' dir='ltr'>in·</span> 
     </span>
     <span class='ocr_line' id='line_1_34' title="bbox 397 4260 1450 4350; baseline 0.001 -22"><span class='ocrx_word' id='word_1_233' title='bbox 397 4284 495 4349; x_wconf 89' lang='lat' dir='ltr'>super</span> <span class='ocrx_word' id='word_1_234' title='bbox 518 4262 611 4327; x_wconf 90' lang='lat' dir='ltr'>Prior</span> <span class='ocrx_word' id='word_1_235' title='bbox 645 4269 680 4327; x_wconf 91' lang='lat' dir='ltr'>et</span> <span class='ocrx_word' id='word_1_236' title='bbox 702 4260 896 4326; x_wconf 79' lang='lat' dir='ltr'>Conventus</span> <span class='ocrx_word' id='word_1_237' title='bbox 919 4267 953 4327; x_wconf 89' lang='lat' dir='ltr'>et</span> <span class='ocrx_word' id='word_1_238' title='bbox 975 4284 1175 4329; x_wconf 88' lang='lat' dir='ltr'>successores</span> <span class='ocrx_word' id='word_1_239' title='bbox 1208 4264 1271 4342; x_wconf 92' lang='lat' dir='ltr'>sui,</span> <span class='ocrx_word' id='word_1_240' title='bbox 1293 4269 1370 4350; x_wconf 90' lang='lat' dir='ltr'>post</span> <span class='ocrx_word' id='word_1_241' title='bbox 1392 4265 1450 4329; x_wconf 90' lang='lat' dir='ltr'>de·</span> 
     </span>
     <span class='ocr_line' id='line_1_35' title="bbox 399 4363 1451 4451; baseline 0.001 -21"><span class='ocrx_word' id='word_1_242' title='bbox 399 4384 525 4430; x_wconf 86' lang='lat' dir='ltr'>cessum</span> <span class='ocrx_word' id='word_1_243' title='bbox 547 4367 698 4428; x_wconf 91' lang='lat' dir='ltr'>nostrum</span> <span class='ocrx_word' id='word_1_244' title='bbox 732 4363 768 4426; x_wconf 94' lang='lat' dir='ltr'>in</span> <span class='ocrx_word' id='word_1_245' title='bbox 791 4363 1018 4428; x_wconf 90' lang='lat' dir='ltr'>anniversario</span> <span class='ocrx_word' id='word_1_246' title='bbox 1051 4371 1175 4444; x_wconf 90' lang='lat' dir='ltr'>nostro,</span> <span class='ocrx_word' id='word_1_247' title='bbox 1199 4366 1376 4451; x_wconf 85' lang='lat' dir='ltr'>separatim</span> <span class='ocrx_word' id='word_1_248' title='bbox 1407 4367 1451 4431; x_wconf 90' lang='lat' dir='ltr'>ab</span> 
     </span>
     <span class='ocr_line' id='line_1_36' title="bbox 401 4463 1451 4553; baseline 0.001 -23"><span class='ocrx_word' id='word_1_249' title='bbox 401 4464 626 4531; x_wconf 89' lang='lat' dir='ltr'>anniversario</span> <span class='ocrx_word' id='word_1_250' title='bbox 660 4463 764 4548; x_wconf 89' lang='lat' dir='ltr'>ipsius</span> <span class='ocrx_word' id='word_1_251' title='bbox 796 4465 956 4528; x_wconf 89' lang='lat' dir='ltr'>consortis</span> <span class='ocrx_word' id='word_1_252' title='bbox 978 4470 1099 4531; x_wconf 89' lang='lat' dir='ltr'>nostrae</span> <span class='ocrx_word' id='word_1_253' title='bbox 1131 4465 1287 4544; x_wconf 90' lang='lat' dir='ltr'>tenendo,</span> <span class='ocrx_word' id='word_1_254' title='bbox 1310 4467 1451 4553; x_wconf 86' lang='lat' dir='ltr'>singulis</span> 
     </span>
     <span class='ocr_line' id='line_1_37' title="bbox 401 4564 1451 4653; baseline 0.001 -20"><span class='ocrx_word' id='word_1_255' title='bbox 401 4565 499 4633; x_wconf 87' lang='lat' dir='ltr'>annis</span> <span class='ocrx_word' id='word_1_256' title='bbox 532 4571 586 4631; x_wconf 88' lang='lat' dir='ltr'>tot</span> <span class='ocrx_word' id='word_1_257' title='bbox 617 4585 746 4651; x_wconf 86' lang='lat' dir='ltr'>grossos</span> <span class='ocrx_word' id='word_1_258' title='bbox 785 4564 826 4629; x_wconf 88' lang='lat' dir='ltr'>de</span> <span class='ocrx_word' id='word_1_259' title='bbox 861 4570 995 4632; x_wconf 89' lang='lat' dir='ltr'>moneta</span> <span class='ocrx_word' id='word_1_260' title='bbox 1026 4567 1168 4653; x_wconf 84' lang='lat' dir='ltr'>Angliae,</span> <span class='ocrx_word' id='word_1_261' title='bbox 1201 4569 1272 4633; x_wconf 92' lang='lat' dir='ltr'>sive</span> <span class='ocrx_word' id='word_1_262' title='bbox 1303 4569 1451 4634; x_wconf 85' lang='lat' dir='ltr'>valorem</span> 
     </span>
     <span class='ocr_line' id='line_1_38' title="bbox 401 4665 1451 4757; baseline 0.002 -22"><span class='ocrx_word' id='word_1_263' title='bbox 401 4666 589 4748; x_wconf 89' lang='lat' dir='ltr'>eorundem,</span> <span class='ocrx_word' id='word_1_264' title='bbox 613 4672 696 4752; x_wconf 90' lang='lat' dir='ltr'>quot</span> <span class='ocrx_word' id='word_1_265' title='bbox 731 4687 791 4731; x_wconf 90' lang='lat' dir='ltr'>nos</span> <span class='ocrx_word' id='word_1_266' title='bbox 814 4665 999 4733; x_wconf 87' lang='lat' dir='ltr'>vixerimus</span> <span class='ocrx_word' id='word_1_267' title='bbox 1031 4669 1128 4734; x_wconf 88' lang='lat' dir='ltr'>annis</span> <span class='ocrx_word' id='word_1_268' title='bbox 1158 4669 1359 4757; x_wconf 87' lang='lat' dir='ltr'>pauperibus</span> <span class='ocrx_word' id='word_1_269' title='bbox 1391 4693 1451 4757; x_wconf 93' lang='lat' dir='ltr'>pro</span> 
     </span>
     <span class='ocr_line' id='line_1_39' title="bbox 400 4767 1454 4855; baseline 0.001 -17"><span class='ocrx_word' id='word_1_270' title='bbox 400 4771 513 4838; x_wconf 89' lang='lat' dir='ltr'>anima</span> <span class='ocrx_word' id='word_1_271' title='bbox 543 4773 658 4835; x_wconf 88' lang='lat' dir='ltr'>nostra</span> <span class='ocrx_word' id='word_1_272' title='bbox 690 4774 724 4833; x_wconf 93' lang='lat' dir='ltr'>et</span> <span class='ocrx_word' id='word_1_273' title='bbox 755 4767 868 4835; x_wconf 89' lang='lat' dir='ltr'>anima</span> <span class='ocrx_word' id='word_1_274' title='bbox 902 4769 1006 4855; x_wconf 89' lang='lat' dir='ltr'>ipsius</span> <span class='ocrx_word' id='word_1_275' title='bbox 1043 4772 1205 4839; x_wconf 87' lang='lat' dir='ltr'>consortis</span> <span class='ocrx_word' id='word_1_276' title='bbox 1245 4776 1378 4852; x_wconf 81' lang='lat' dir='ltr'>nostres,</span> <span class='ocrx_word' id='word_1_277' title='bbox 1411 4773 1454 4840; x_wconf 89' lang='lat' dir='ltr'>de</span> 
     </span>
    </p>
   </div>
   <div class='ocr_carea' id='block_1_5' title="bbox 0 0 1693 5800">
    <p class='ocr_par' dir='ltr' id='par_1_5' title="bbox 0 0 1693 5800">
     <span class='ocr_line' id='line_1_40' title="bbox 0 0 1693 5800; baseline 0 0"><span class='ocrx_word' id='word_1_278' title='bbox 0 0 1693 5800; x_wconf 95' lang='lat' dir='ltr'> </span> 
     </span>
    </p>
   </div>
  </div>
 </body>
</html>
