3350 5800
581 840 874 889 crumnmnuem.
1200 824 1245 891 79

186 1039 259 1085 eum
289 1022 575 1089 ambasiatoribus
604 1023 741 1088 Domini
772 1021 927 1110 Magistri
958 1022 1131 1089 Generalis
1161 1021 1244 1085 Pru·

187 1122 243 1187 eiae
264 1125 363 1190 venit
386 1126 433 1190 ad
455 1126 624 1213 Angliam,
654 1128 722 1204 ubi,
753 1132 829 1213 post
862 1126 997 1210 longam
1020 1131 1055 1190 et
1077 1125 1242 1191 diutinam

186 1232 403 1292 exaratorum
461 1234 495 1291 et
547 1228 864 1295 lorum-tenentium
914 1226 1238 1313 [percontaeionem],

186 1325 252 1391 fuit
274 1329 538 1413 pronunciatum
568 1335 605 1395 et
634 1334 794 1415 tanquam
824 1351 884 1416 per
907 1328 1053 1393 arbitros
1075 1333 1111 1393 et
1140 1326 1246 1391 medi-

186 1434 292 1493 atores
329 1429 515 1495 diffinitum
550 1436 585 1496 et
615 1431 867 1509 oonoordatum;
906 1430 997 1515 quod
1028 1430 1243 1495 Hermannns

187 1530 331 1615 recipere
355 1532 492 1597 deberet
514 1553 635 1597 navem
657 1553 751 1597 suam
774 1531 811 1595 in
834 1536 934 1617 portu
949 1528 1152 1609 Zentwiok‚¹
1167 1550 1242 1595 oum

188 1631 229 1694 xl.
252 1632 437 1697 nobilibus.
477 1633 585 1719 Super
607 1634 680 1699 istis
703 1633 750 1697 sio
773 1630 926 1696 diffinitis
949 1637 984 1696 et
1008 1620 1258 1717 pronunciatis(

187 1730 256 1816 ipse
292 1732 511 1799 Hermannns
549 1734 647 1799 diotae
687 1732 785 1799 navis
823 1734 986 1819 reoeptori
1025 1737 1060 1797 et
1098 1731 1245 1816 ejusdem

188 1836 371 1918 possessori
394 1835 525 1901 litteras
546 1836 745 1921 quietanoiae
768 1834 863 1901 dedit
884 1841 920 1901 et
942 1833 1114 1921 sigillavit.
1146 1833 1247 1899 Veni-

187 1958 245 2003 ens
293 1939 331 2001 in
370 1938 556 2014 Zantwiok,
593 1938 736 2015 eredens,
775 1937 959 2003 seeundum
1004 1937 1168 2023 promissa
1212 1941 1247 2000 et

188 2040 512 2123 pronunciaeionem,
551 2040 701 2105 invenire
738 2060 861 2105 navem
898 2060 994 2104 suam
1032 2039 1172 2104 illaesam
1209 2043 1244 2102 et

191 2140 371 2229 integram,
395 2141 527 2207 invenit
561 2163 633 2208 eam
668 2141 882 2219 confractam,
913 2146 957 2219 et,
986 2141 1121 2206 refluxu
1145 2142 1246 2206 maris

189 2246 396 2320 transeunte,
418 2243 544 2330 reperit
577 2264 650 2309 eam
685 2243 853 2328 exquisita
883 2242 1015 2307 malicia
1045 2242 1248 2309 confractum

191 2351 225 2410 et
257 2347 463 2431 perforatum
475 2371 483 2425 3
518 2346 618 2411 talem
641 2366 720 2411 voro
754 2344 995 2432 perforatorem
1028 2349 1063 2409 et
1085 2366 1247 2431 conquas·

190 2452 338 2511 satorem
376 2446 554 2533 praedictus
588 2446 803 2513 Hermannus
842 2447 925 2512 dicit
957 2445 1138 2512 Wilhelmo
1173 2447 1248 2531 [Es-

191 2546 312 2635 turmi]
346 2552 497 2613 constare
530 2548 712 2613 evidenter.
766 2548 812 2613 Et
846 2570 890 2613 ex
921 2549 988 2613 ista
1020 2569 1128 2625 eausa,
1162 2548 1248 2614 Her-

192 2671 338 2715 mannus
370 2650 496 2715 malum
527 2652 624 2717 navis
657 2649 820 2729 vendidit,
851 2655 886 2717 et
917 2650 1119 2717 remmono
1151 2651 1248 2717 navis

194 2774 305 2819 seeum
328 2752 478 2819 abduxit

213 3079 507 3149 975.-Anrroun1
529 3093 613 3144 mrr
636 3094 772 3144 corma
794 3079 1110 3146 Smnrsuuonnsrs
1132 3094 1229 3146 neon
1306 3038 1389 3152 lidi:

505 3180 638 3246 Hrom
661 3197 699 3246 m
723 3181 945 3248 Homerum
1263 3191 1411 3308 pimffl.

244 3345 350 3410 Item:
383 3345 483 3409 Anno
515 3343 652 3409 Domini
687 3361 799 3410 mcccc
832 3352 959 3431 quarto,
995 3347 1132 3433 quidam
1155 3349 1250 3414 Hans
1264 3369 1416 3422 Anieloeof

199 3471 266 3513 ven
290 3448 414 3535 Harry,
439 3447 607 3513 Henrieus
639 3445 830 3534 Omegwell,
864 3449 1077 3516 Hermannus
1100 3436 1402 3554 Kamynstgpeffin‘

199 3550 291 3636 lyng,
324 3555 359 3614 et
396 3549 455 3612 alii
492 3547 717 3614 malefactores
755 3549 796 3613 de
836 3547 962 3628 Hense,
999 3551 1036 3615 in
1073 3557 1173 3638 portu
1211 3553 1252 3618 de
1264 3519 1411 3621 infixio

201 3648 442 3725 Stralessound,
466 3649 553 3715 eirea
582 3648 702 3713 festum
727 3649 948 3728 Pentecostes,
978 3657 1137 3738 oeperunt
1166 3633 1425 3751 bona¹¹¹⁰¹¹’⁰¹⁸({‘l

201 3757 235 3817 et
257 3751 477 3817 meroandisas
507 3750 646 3815 Roberti
668 3749 816 3830 Pullour,
840 3751 1003 3818 Johannis
1026 3754 1134 3832 Eunt,
1164 3753 1255 3820 Petri
1266 3703 1422 3834 liminum

202 3853 368 3932 chateres,
407 3853 571 3918 Johannis
610 3850 729 3930 Wolie,
768 3859 802 3920 et
841 3852 1006 3920 Johannis
1044 3856 1255 3936 Pantreman,
1268 3835 1423 3886 ΝΜ

202 3956 366 4032 videlieet,
388 3955 561 4040 pecuniam
594 3959 812 4033 numeratam,
835 3976 962 4041 pannos
997 3955 1117 4038 laneos,
1139 3959 1256 4041 lectus,

202 4058 359 4125 carbones
393 4056 586 4134 maritimos,
611 4055 729 4121 vinum
761 4057 896 4123 rubium
919 4064 955 4124 et
986 4057 1109 4140 album,
1132 4061 1175 4127 ad
1199 4084 1255 4128 vu-

202 4147 341 4214 lenoiam
366 4159 403 4211 v0
426 4145 598 4210 nobilium.

248 4248 357 4313 Item:
393 4245 488 4310 Anno
518 4243 655 4310 Domini
685 4261 798 4312 mcccc
828 4253 957 4332 quarto,
988 4250 1074 4318 eirea
1104 4253 1258 4340 xxviijum

204 4349 292 4414 diem
315 4347 408 4426 Maii,
431 4347 567 4433 qnidam
583 4346 688 4414 Heire
704 4346 816 4436 Olays,
838 4349 937 4416 Fewe
961 4351 1072 4430 Heire,
1096 4353 1259 4442 Gosselyn

204 4449 455 4536 Wyntenbrige,
501 4447 619 4514 Petrus
674 4448 861 4530 Frauneke,
906 4451 982 4518 Fise
1033 4453 1171 4535 Gieoow,
1218 4457 1259 4521 de

650 4749 659 4784 ¹
674 4749 822 4805 flandrini.
