3350 5800
353 870 416 932 148
812 883 944 933 nursam

350 1071 513 1138 violenter
534 1071 737 1136 abstractum
761 1073 797 1136 in
819 1093 940 1137 navem
954 1072 1099 1137 ecclesiae
1114 1072 1150 1135 in
1166 1071 1234 1136 suis
1256 1069 1402 1134 brachiis

350 1174 552 1250 detulerunt,
590 1174 729 1238 eundem
776 1174 819 1238 ab
864 1174 1000 1240 ecclesa
1043 1173 1170 1238 deferre
1215 1173 1400 1237 molientes.

351 1275 460 1360 Igitur
493 1281 588 1360 pater
626 1275 896 1340 reverendissime
933 1275 1013 1360 quia
1035 1297 1134 1340 causa
1168 1275 1234 1338 ista
1256 1279 1402 1337 vestram

350 1377 462 1461 tangit
484 1377 647 1461 praecipue
681 1377 914 1453 defensionem,
938 1383 973 1441 et
995 1377 1119 1462 absque
1142 1377 1343 1441 auctoritate
1367 1378 1403 1436 et

351 1479 502 1562 potentia
523 1483 643 1542 vestrae
674 1478 911 1543 dominationis
943 1469 1223 1564 singularissimas,
1246 1498 1285 1541 ac
1307 1476 1405 1539 assis-

350 1579 459 1644 tencia
475 1578 616 1664 speciali,
639 1578 742 1644 nichil
766 1580 802 1643 in
826 1580 1006 1665 praemissis
1028 1600 1125 1665 agere
1149 1599 1323 1664 possumus
1344 1581 1405 1640 aut

350 1680 515 1758 valemus3
539 1682 645 1766 ipsam
669 1681 906 1746 dominationis
930 1686 1053 1746 vestrae
1076 1682 1220 1766 gratiam
1244 1678 1406 1742 humilius

349 1803 415 1867 quo
438 1803 611 1866 possumus
645 1803 819 1848 exoramus
853 1787 888 1847 et
919 1782 1119 1868 requirimus
1155 1782 1191 1844 in
1223 1780 1405 1844 visceribus

348 1885 452 1949 ihesu
477 1885 614 1960 Christi,
630 1889 793 1970 quatenus
809 1886 851 1950 ad
875 1885 1099 1951 defensionem
1122 1905 1250 1970 sponsae
1274 1889 1403 1956 restrae,

348 1987 449 2050 immo
472 1987 576 2051 totius
599 1986 752 2052 Ecclesiae
775 1987 969 2072 Anglicenae
992 1993 1108 2052 contra
1139 1988 1222 2050 istos
1245 1985 1404 2049 malificos

348 2097 382 2154 et
423 2090 614 2154 libertatum
654 2088 808 2154 Ecclesiae
846 2089 1025 2153 violatores
1063 2088 1255 2152 rnanifestos
1293 2086 1406 2149 velitis

346 2213 524 2276 assurgere,
569 2196 604 2254 et
642 2189 784 2254 viriliter
830 2211 890 2254 vos
926 2189 1097 2276 accingere
1135 2189 1248 2274 gladio
1286 2187 1403 2251 Sancti

349 2293 456 2372 Petri;
479 2293 573 2358 nobis
607 2293 643 2356 in
675 2292 854 2376 praemissis
887 2292 1112 2355 assistentiam
1147 2297 1183 2354 et
1220 2289 1404 2354 remedium

348 2401 546 2480 oportunum
593 2395 735 2480 gratiose
781 2393 1025 2479 impendentes,
1064 2392 1108 2455 ad
1151 2391 1327 2456 tuitionem
1367 2395 1403 2454 et

346 2497 566 2562 defensionem
597 2502 814 2562 sacrosanctis
848 2499 968 2560 vestrae
1002 2493 1156 2558 Ecclesiae
1189 2492 1398 2577 saepedinae3

347 2602 390 2664 ad
428 2599 522 2683 cujus
556 2597 789 2672 defensionem,
824 2596 978 2684 gloriam,
1001 2597 1128 2683 pariter
1166 2600 1201 2659 et
1236 2594 1404 2666 honorem,

346 2701 531 2765 diutissime
565 2707 738 2765 conservet
761 2700 797 2762 in
820 2699 985 2784 prosperis
1019 2697 1108 2760 filius
1131 2696 1282 2780 Virginis
1304 2695 1404 2758 bene-

347 2804 452 2866 dictae.
499 2801 666 2886 Scriptum
691 2798 884 2864 Cantuariae
907 2799 961 2862 die
995 2798 1130 2862 Sanctae
1155 2797 1308 2881 Agatliae,
1332 2817 1401 2879 quo

348 2906 401 2971 die
439 2906 550 2969 omnia
587 2904 757 2989 praemissa
794 2908 986 2989 perpetrata
1017 2905 1106 2979 sunt,
1141 2921 1230 2965 anno
1265 2898 1404 2963 Domini

348 3008 602 3073 uooccmxxvlo.

199 3450 310 3516 ¹⁹A08·
393 3467 783 3533 loon-Dmommcro
808 3481 980 3530 secessim
1003 3464 1134 3529 Senon
1159 3464 1360 3529 Mrcnnums

220 3520 293 3568 Μ’
736 3565 1007 3629 Lonnonrsnsrs.

177 3630 247 3681 Cart.
259 3632 321 3681 Ant.

175 3697 199 3745 θ’
223 3699 264 3746 ⁹7'
390 3739 583 3805 Reverendo
623 3740 657 3802 in
688 3738 822 3805 Christo
861 3738 950 3823 patri
981 3737 1126 3801 Domino
1157 3736 1307 3801 Johanni
1338 3737 1404 3800 Dei

176 3890 239 3939 dens
251 3856 332 3941 (me
345 3842 509 3925 patientia
539 3841 645 3906 Priori
678 3840 832 3905 Ecclesiae
862 3838 989 3904 Christi
1022 3838 1287 3913 Cantuariensis
1319 3836 1405 3901 Wil-

174 3955 294 4007 Meroers·
346 3941 463 4005 lelmus
489 3942 638 4019 Melretli,
661 3942 832 4005 «Iohannes
855 3940 973 4025 Olney,
990 3939 1180 4003 Willelmns
1205 3940 1405 4015 Caundissh,

173 4019 307 4086 ⁰⁰¹¹¹¹²⁸¹¹l
345 4048 379 4105 et
410 4040 553 4105 Thomas
585 4043 739 4118 Chalton,
755 4041 919 4107 Custodes
935 4041 1201 4106 communitatis
1234 4041 1405 4126 mysterire

174 4086 304 4138 nominate
316 4105 332 4138 a

175 4165 266 4212 person
278 4161 304 4202 to
346 4141 508 4205 merceriae
533 4141 690 4207 Civitatis
714 4143 972 4219 Londoniarum,
1003 4142 1210 4207 reverentias
1241 4143 1405 4205 omnimo-

173 4216 331 4347 {fflffi
346 4242 404 4307 das
429 4241 557 4306 debitas
580 4264 654 4307 cum
674 4242 805 4308 honore.
852 4244 916 4308 Pro
939 4265 979 4308 eo
994 4244 1093 4329 quod,
1110 4249 1253 4308 vacante
1268 4243 1406 4309 ecclesia

173 4344 292 4435 otwini-
346 4341 459 4407 Sancti
485 4343 655 4408 Michaelis
686 4344 728 4409 de
752 4344 1104 4410 Paternoster-cliurch
1137 4346 1171 4408 in
1197 4345 1296 4409 Riola
1319 4345 1406 4408 Lon·
1448 4429 1450 4431 q

173 4417 314 4553 ἓὲᾖξέξῗῃ
345 4444 463 4507 doniis.
506 4445 576 4506 sive
622 4446 818 4531 magistratu
867 4448 1020 4531 perpetui
1068 4446 1212 4530 Collegii
1258 4446 1406 4531 quinque

170 4538 271 4653 ml·
342 4545 593 4630 capellanorum,
631 4569 691 4632 pro
722 4546 846 4611 salubri
878 4554 971 4613 statu
1003 4549 1141 4613 Domini
1174 4549 1276 4634 Regis
1314 4570 1405 4612 nunc

170 4622 329 4729 escwine.
343 4648 421 4709 dnm
453 4646 586 4721 vixerit,
617 4653 652 4710 et
682 4649 794 4725 anima
825 4668 883 4711 sua
917 4670 994 4713 curn
1031 4650 1241 4734 migraverit,
1272 4672 1403 4715 necnon
