3350 5800
391 831 454 894 134
849 841 981 891 ursam

389 1042 423 1104 et
445 1039 600 1125 proficuis
622 1037 729 1125 ipsius
751 1036 934 1123 hospitalis,
950 1057 1010 1124 per
1032 1057 1105 1102 eam
1127 1035 1181 1101 vel
1203 1035 1276 1121 ejus
1297 1032 1441 1111 nomine,

390 1141 530 1228 receptis
561 1142 633 1227 ipso
667 1161 763 1216 anno,
799 1139 967 1216 fratribus,
991 1137 1143 1205 habitum
1177 1144 1218 1203 ut
1250 1136 1444 1223 predicitur

389 1244 606 1330 gestantibus,
629 1247 663 1308 et
696 1242 862 1309 sororibus
896 1242 964 1307 suis
996 1241 1131 1328 plenum
1169 1244 1368 1326 compotum,
1404 1237 1444 1302 in

388 1345 495 1410 forma
539 1344 692 1430 compoti,
729 1343 874 1422 reddere,
913 1344 1088 1429 ipsumque
1132 1347 1322 1427 compotum
1365 1342 1445 1424 post

388 1446 516 1512 dietum
554 1445 678 1511 festum
717 1444 878 1511 Omnium
917 1444 1116 1510 Sanctorum
1150 1444 1257 1509 Priori
1289 1441 1443 1508 Ecclem'ae

389 1545 648 1628 Cantuariensis‚
671 1547 729 1633 qui
764 1548 831 1612 erit
853 1568 915 1634 pro
949 1552 1106 1633 tempore,
1129 1552 1189 1612 aut
1211 1544 1317 1632 ipsius
1339 1543 1442 1628 depu-

387 1655 471 1729 tato,
486 1655 565 1717 ante
587 1649 712 1715 festum
735 1648 868 1716 Natalis
884 1649 1021 1716 Domini
1036 1648 1183 1734 quolibet
1198 1668 1296 1724 anno,
1310 1645 1442 1711 tradere

388 1756 552 1819 teneatur.
599 1751 801 1818 Ordinamus
832 1751 946 1832 etiam,
971 1752 1060 1838 quod
1094 1751 1253 1826 decatero,
1277 1753 1438 1834 quantum

387 1855 458 1920 fieri
481 1859 599 1940 potest,
624 1855 743 1941 aliquae
766 1854 971 1940 recipiantur
988 1852 1178 1939 juvenculae
1208 1853 1359 1928 literatae,
1381 1853 1444 1915 aut

387 1956 463 2023 aliae
492 1956 632 2042 juvenes
672 1955 792 2021 dociles
830 1960 866 2020 et
902 1976 1045 2041 capaces,
1068 1955 1106 2019 in
1143 1951 1342 2020 literature¹
1379 1951 1442 2015 im·

388 2057 540 2123 buendee.
586 2058 694 2122 Item:
718 2057 807 2142 quod
829 2057 951 2123 fratres
973 2062 1009 2123 et
1024 2077 1151 2122 sorores
1174 2055 1255 2121 dicti
1268 2051 1444 2140 hospitalis

288 2175 295 2188 “
389 2159 558 2225 ecclesiam
582 2158 623 2223 de
647 2159 820 2246 Bradgare‚
845 2158 968 2224 eisdem
991 2159 1133 2236 unitam,
1155 2158 1198 2224 ad
1221 2158 1351 2221 firmam
1372 2175 1442 2220 non

389 2262 534 2342 tradant,
558 2283 619 2328 nee
642 2262 743 2327 etiam
775 2262 905 2348 aliquas
936 2265 1116 2328 earundem
1148 2262 1366 2349 possessiones
1388 2257 1444 2324 vel

388 2369 589 2442 tenementa,
611 2385 672 2430 nec
705 2365 840 2432 boscum
871 2369 931 2430 aut
966 2364 1162 2432 subboscum
1201 2364 1351 2429 vendant
1382 2366 1444 2427 aut

388 2467 522 2544 donent,
545 2465 737 2554 nullamque
770 2465 919 2532 litteram
952 2468 1014 2532 sub
1040 2468 1185 2554 ipsorum
1215 2466 1324 2553 sigillo
1356 2486 1445 2531 eom-

390 2569 483 2634 muni
518 2567 674 2655 sigillent,
708 2589 767 2634 seu
799 2569 925 2636 faciant
956 2569 1104 2656 sigillari,
1126 2569 1350 2656 quovismodo,
1373 2567 1446 2632 sine

392 2691 528 2737 assensu
550 2670 675 2736 Prioris
707 2670 959 2738 cantuariensis
981 2672 1041 2758 qui
1073 2672 1177 2738 fuerit
1205 2694 1266 2760 pro
1287 2677 1444 2756 tempore.

392 2771 498 2838 Item:
532 2773 733 2851 ordinamus,
757 2773 898 2860 quodsi
932 2775 1106 2860 contingat
1138 2774 1330 2840 Prioriseam
1361 2773 1445 2840 dieti

389 2873 563 2961 hospitalis
586 2875 629 2941 ab
652 2875 767 2942 eodem
799 2898 859 2963 per
890 2898 996 2942 unum
1030 2877 1118 2943 diem
1151 2877 1333 2955 absentare,
1355 2876 1446 2962 quod

391 2978 462 3063 ipse
485 2978 624 3064 deputet
646 2999 748 3045 unam
769 2979 936 3064 ydoneam
958 3001 1001 3044 ex
1022 2980 1252 3045 consororibus
1274 2982 1352 3056 suis,
1375 2980 1446 3064 qui,

391 3078 533 3145 durante
567 3079 717 3145 absentia
749 3100 817 3158 sua,
857 3080 962 3166 ipsius
994 3082 1119 3167 poterit
1155 3083 1308 3168 supplere
1346 3082 1447 3147 vices.

392 3180 497 3247 Item:
532 3180 569 3245 in
601 3186 715 3247 nostre
750 3181 944 3249 visitatione
980 3184 1077 3249 nobis
1114 3185 1232 3250 extitit
1269 3185 1446 3260 detectum,

391 3282 538 3370 singulos
562 3283 681 3348 fratres
704 3288 739 3348 et
759 3305 885 3350 sorores
909 3284 992 3351 dicti
1008 3284 1182 3373 hospitalis
1198 3286 1310 3353 decem
1325 3285 1447 3352 solidos

396 3384 581 3463 annuatim,
604 3385 641 3448 in
664 3386 805 3471 pecunia
827 3394 1011 3465 numerata,
1033 3389 1075 3453 de
1098 3388 1244 3453 exitibus
1266 3388 1349 3454 dieti
1370 3388 1447 3453 hos·

392 3486 515 3571 pitelis,
538 3484 628 3551 ultra
665 3507 785 3573 panem
824 3486 1003 3554 dumtaxat
1040 3494 1075 3555 et
1109 3490 1301 3556 cerevisiam
1332 3490 1379 3555 eis
1409 3489 1447 3553 in

391 3588 558 3655 communi
581 3587 794 3667 ministratos,
817 3610 877 3675 pro
899 3610 1013 3657 eorum
1035 3592 1173 3671 vestitu,
1188 3594 1247 3678 qui
1269 3593 1317 3658 eis
1338 3590 1448 3658 nulla-

393 3702 491 3755 tenus
513 3688 725 3755 ministratur
747 3690 783 3755 in
806 3694 982 3772 communi,
998 3714 1037 3758 ae
1058 3693 1134 3759 aliis
1155 3693 1298 3759 diversis
1320 3694 1447 3759 eisdem

392 3794 661 3859 incumbentibus
693 3795 849 3862 oneribus
886 3797 1066 3865 dumtaxat
1101 3799 1256 3885 recipere,
1294 3800 1447 3885 quodque

392 3892 480 3959 bona
503 3894 651 3980 ejusdem
673 3894 846 3983 hospitalis
868 3898 1062 3979 immobilia,
1085 3900 1174 3967 infre
1195 3922 1318 3988 paucos
1332 3921 1446 3977 annos,

392 3995 474 4063 adeo
513 4018 583 4062 esse
621 4004 845 4085 augmentata,
869 4004 958 4087 quod
991 4003 1035 4068 ad
1073 4004 1258 4070 uberiorem
1288 4004 1445 4069 distribu-

394 4097 518 4163 tionem
540 4098 757 4185 pecuniarum
791 4102 880 4167 inter
901 4102 1022 4170 fratres
1044 4109 1080 4171 et
1102 4126 1229 4172 sorores
1252 4106 1446 4182 antedictos,

394 4200 564 4267 occasione
603 4204 782 4287 praemissa,
822 4206 996 4271 annuatim
1037 4206 1223 4274 faciendam
1269 4208 1448 4284 commode,

395 4308 494 4389 prout
525 4303 627 4370 etiam
659 4303 723 4389 ipsi
755 4306 836 4371 satis
871 4306 974 4372 adiu
1007 4314 1058 4373 est
1092 4309 1255 4389 novimus,
1287 4313 1449 4396 poterunt

394 4401 560 4481 suffieere;
598 4403 721 4483 iccirco,
745 4416 877 4472 matura
908 4406 1147 4475 deliberatione
1178 4409 1372 4497 praehabita,
1394 4414 1446 4474 at·

394 4509 490 4569 tenta
515 4503 679 4570 dictorum
693 4506 834 4572 fratrum
851 4513 886 4574 et
907 4530 1056 4575 sororum
1077 4511 1281 4599 singulorum
1298 4509 1447 4598 penuria,

804 4758 810 4790 ¹
823 4758 975 4825 literatura,
984 4762 1042 4815 Me.
