3350 5800
454 962 528 1025 xlii
833 974 1102 1025 rnraonucnou.

453 1166 671 1251 usurpatione,
686 1164 753 1229 and
769 1165 854 1240 that,
871 1164 906 1226 in
921 1183 1152 1249 consequence,
1167 1163 1261 1227 there
1283 1160 1350 1225 had
1372 1159 1458 1224 been
1479 1178 1501 1221 a

452 1266 667 1353 composition
684 1265 818 1331 entered
839 1265 920 1340 into,
936 1265 1086 1329 between
1105 1264 1174 1327 him
1191 1263 1258 1328 and
1282 1262 1341 1327 the
1357 1260 1506 1347 Chapter

453 1367 489 1433 of
501 1366 615 1435 Christ
625 1366 767 1442 Choreb,
776 1366 887 1431 which
896 1388 980 1453 gave
992 1366 1062 1430 him
1072 1366 1129 1431 the
1145 1386 1262 1430 maner
1271 1364 1308 1428 of
1321 1361 1505 1449 Fytheryd,

452 1472 519 1535 and
544 1471 586 1535 he
610 1469 712 1534 adds:
736 1478 752 1505 “
765 1490 854 1535 nnnc
868 1470 963 1533 venit
978 1469 1114 1554 quidam
1138 1466 1248 1533 dictus
1264 1468 1287 1531 J
1288 1467 1434 1533 ohannes
1450 1464 1496 1527 Le

452 1582 468 1608 “
492 1573 635 1658 Lyneyt‚
669 1592 815 1636 asserens
843 1594 887 1647 se,
911 1572 1045 1636 nomine
1070 1572 1185 1635 uxoris
1207 1593 1284 1647 suaa,
1311 1591 1380 1634 csse
1407 1571 1500 1633 here·
1630 1648 1634 1654 .

451 1682 468 1710 “
492 1675 567 1739 dem
583 1674 754 1759 eujusdam
770 1673 903 1739 Ricardi
927 1674 968 1738 de
984 1673 1172 1750 Londoniis,
1188 1675 1241 1739 cui
1252 1673 1401 1738 'Ricardo
1424 1669 1507 1735 dicit

450 1776 637 1840 “Priorem
670 1780 705 1840 et
738 1773 933 1860 Capitulum
956 1774 1195 1841 cantuariense
1230 1774 1357 1839 dedisse
1380 1771 1506 1836 Villam

452 1882 468 1913 “
492 1877 532 1941 de
571 1875 733 1961 Fytherid
764 1882 798 1940 et
825 1876 1002 1941 heredibus
1032 1878 1121 1956 suis;
1143 1882 1178 1941 et
1204 1876 1307 1941 hahet
1332 1874 1501 1961 quandam

451 1983 617 2044 “cartam
644 1979 696 2062 (ut
721 1978 814 2061 dicit)
833 2000 933 2062 quam
949 1979 1083 2063 quidem
1108 1979 1266 2043 viderunt
1292 1977 1451 2064 (vidimus
1463 1976 1500 2059 2),

452 2088 468 2117 “
492 2081 555 2146 sub
579 2081 720 2166 quodam
741 2102 846 2166 parvo
872 2081 980 2167 sigillo
1007 2085 1087 2166 (non
1114 2081 1172 2145 illo
1199 2081 1392 2168 sigilloque
1414 2098 1505 2143 nune

453 2194 469 2221 “
492 2184 652 2267 utimini),
666 2188 700 2247 et
724 2183 910 2269 dicitquod
938 2182 1006 2249 luit
1033 2184 1188 2249 feoffatus
1203 2206 1262 2269 per
1277 2204 1359 2262 vos;
1383 2189 1418 2248 et
1443 2201 1503 2268 per

453 2287 584 2351 “illam
626 2290 750 2350 eadam
788 2290 901 2371 portat
925 2308 1023 2372 super
1054 2308 1113 2351 nos
1141 2286 1240 2350 breve
1267 2284 1307 2351 de
1330 2292 1417 2351 recto
1428 2309 1440 2363 ;
1473 2288 1508 2347 et

454 2398 470 2423 “
495 2386 641 2452 intendit
666 2407 801 2452 onerare
828 2392 998 2472 (enervare
1009 2390 1036 2474 2)
1066 2389 1336 2476 compositionem
1358 2387 1503 2464 iaetam3

455 2500 472 2525 ‘¹
494 2490 582 2576 qnod
599 2496 684 2555 esset
699 2489 794 2554 nohis
810 2489 949 2555 etvobis
964 2489 1190 2578 dampnosum.
1238 2491 1337 2556 Unde
1353 2509 1507 2575 rogamus

455 2598 640 2657 “vestram
667 2593 703 2655 in
734 2590 867 2657 Christo
896 2594 1080 2672 caritatem,
1111 2596 1269 2680 quatinus
1300 2592 1503 2679 perscrutari

455 2700 472 2729 “
496 2694 627 2761 faciatis
658 2694 693 2757 in
725 2694 932 2761 thesauraria
960 2701 1072 2761 vestra
1110 2697 1332 2762 instrumenta
1369 2693 1508 2778 antiqua

455 2802 471 2830 “
495 2795 666 2885 tangentia
690 2796 865 2861 materiam
897 2796 1088 2881 praedictam
1116 2799 1151 2862 in
1182 2804 1273 2863 terra
1298 2796 1503 2883 Hyberniae3

456 2904 530 2963 “et
562 2899 591 2962 si
619 2899 741 2982 poterit
777 2896 872 2963 vobis
907 2905 1056 2965 constare
1081 2901 1127 2966 da
1155 2901 1266 2987 aliquo
1293 2901 1507 2965 feoffamento

457 3009 472 3034 “
495 3000 583 3066 laeto
599 2999 932 3086 quondam'ltieardo
955 3002 997 3066 de
1019 3001 1217 3080 Londoniis;
1242 3006 1279 3067 et
1304 3003 1332 3065 si
1355 3001 1504 3086 aliquam

455 3112 472 3138 “
496 3102 859 3188 quietamclamaneiam
885 3103 979 3167 vobis
1003 3103 1081 3168 inde
1105 3103 1239 3182 feeerit3
1263 3111 1298 3168 et
1324 3125 1424 3189 super
1438 3102 1501 3166 hoc

455 3214 472 3240 “
494 3226 555 3270 nos
581 3205 770 3270 certificetis
796 3205 1021 3290 perlatorem
1047 3207 1271 3292 praesentium,
1297 3206 1359 3270 sub
1384 3204 1508 3270 litteris

454 3315 472 3342 “
496 3306 622 3371 vestris.
680 3305 847 3369 Mendetis
878 3306 979 3371 etiam
1006 3307 1034 3371 si
1059 3307 1170 3393 aliquo
1199 3308 1265 3374 alio
1289 3306 1397 3394 sigillo
1424 3312 1508 3371 tune

455 3418 471 3443 “
495 3409 547 3472 usi
572 3407 682 3472 fuistis
708 3429 809 3492 quam
840 3408 875 3471 in
901 3409 1065 3493 praesenti.
1113 3410 1157 3474 Et
1185 3411 1330 3476 mittatis
1354 3409 1459 3485 nobie,
1482 3410 1512 3471 si

456 3519 472 3546 “
495 3510 611 3597 placet,
641 3509 770 3574 litteras
795 3515 923 3575 vestras
949 3532 1025 3576 cum
1052 3511 1110 3575 illo
1126 3512 1236 3598 sigillo
1261 3511 1442 3598 sigillatas;
1475 3519 1511 3574 et

458 3622 474 3646 “
497 3613 524 3676 si
541 3611 674 3695 aliquod
699 3611 881 3675 remedium
897 3613 1091 3678 adinvenire
1114 3614 1275 3698 poteritis,
1291 3634 1349 3698 pro
1366 3612 1463 3676 nobis
1478 3616 1512 3675 et

459 3722 474 3748 “
499 3714 602 3790 vobis,
618 3713 660 3776 ad
687 3713 955 3799 compositionem
979 3716 1175 3780 servandam
1199 3716 1400 3802 praedictam,
1416 3713 1513 3779 nobis

460 3823 478 3850 “
500 3815 528 3878 si
543 3813 653 3901 placet
667 3814 820 3892 mittatis,
837 3837 896 3900 pro
913 3815 977 3881 Dei
992 3839 1102 3882 amore
1118 3824 1152 3882 et
1167 3823 1302 3898 nostr0;
1325 3818 1404 3903 quia
1419 3817 1513 3902 pium

463 3925 480 3952 “
503 3921 554 3980 est
580 3915 713 3980 obviare
738 3915 876 3980 malieiis
891 3917 1064 3983 hominum
1088 3941 1204 3984 nocere
1219 3919 1414 3995 volentium,
1431 3917 1510 3982 ete.”

462 4017 517 4082 No
543 4016 657 4084 record
682 4018 824 4082 remains
841 4023 876 4082 to
891 4019 950 4082 tell
967 4018 1059 4085 what
1089 4022 1224 4107 remedy
1241 4043 1309 4084 was
1332 4020 1437 4084 found
1460 4021 1513 4084 for

462 4120 519 4186 the
545 4119 678 4206 Bishop,
695 4118 757 4184 hut
781 4121 810 4183 it
835 4121 863 4183 is
890 4121 978 4186 clear
1002 4122 1079 4187 that
1102 4123 1159 4187 the
1177 4122 1324 4208 Chapter
1339 4122 1436 4186 could
1451 4128 1516 4186 not

464 4223 552 4306 deny
579 4220 656 4284 that
682 4221 763 4307 they
788 4221 856 4286 had
880 4223 1025 4289 demised
1047 4223 1221 4310 Fytheryd
1247 4229 1282 4287 to
1310 4223 1455 4288 Richard
1479 4221 1517 4287 of

465 4321 620 4400 London;
644 4322 755 4410 seeing
779 4323 854 4388 that
881 4326 938 4390 the
964 4331 1215 4412 contemporary
1242 4330 1456 4411 counterpart
1481 4325 1521 4389 of

430 4428 434 4432 ’
465 4424 635 4491 Richard’s
661 4425 742 4490 deed
772 4448 841 4492 was
871 4427 907 4490 in
933 4428 1021 4493 their
1045 4429 1120 4515 day,
1136 4452 1172 4493 as
1189 4431 1217 4494 it
1239 4428 1310 4493 still
1331 4429 1360 4492 is
1376 4429 1411 4491 in
1427 4449 1517 4504 ours,

465 4529 641 4614 preserved
657 4549 778 4614 among
794 4528 851 4594 the
867 4530 1070 4596 munimenta
1085 4530 1122 4596 of
1134 4531 1220 4597 their
1235 4530 1377 4598 Chureh.

511 4629 635 4695 Whilst
657 4629 726 4694 this
750 4651 812 4695 one
827 4653 943 4697 manor
957 4655 1026 4698 was
1050 4634 1128 4699 thus
1151 4635 1208 4699 the
1234 4634 1363 4719 subject
1377 4632 1414 4699 of
1435 4655 1513 4698 eon·

465 4731 723 4819 flictingelaims,
738 4733 796 4799 the
806 4739 874 4799 rest
885 4735 921 4799 of
930 4736 988 4800 the
1004 4736 1090 4801 Irish
1106 4742 1226 4804 estates
1237 4737 1275 4802 of
1286 4737 1344 4802 the
1359 4735 1517 4803 Convent
