3350 5800
582 876 874 927 oauauemuasns.
1211 872 1253 932 25

202 1088 263 1153 pro
294 1071 440 1155 tempore
473 1068 575 1135 fuerit
606 1071 644 1133 ut
667 1068 869 1155 praedicitur,
902 1068 1026 1133 ibidem
1058 1091 1117 1155 per
1150 1071 1255 1136 dictos

201 1170 350 1236 oarmodes
366 1172 570 1250 ostendatur,
593 1171 652 1256 qui
668 1170 799 1236 ordinet
815 1169 997 1236 mercedem
1013 1176 1255 1258 competentem

203 1292 262 1357 pro
277 1293 336 1337 auo
354 1272 507 1357 [labore]
529 1272 612 1338 talia
627 1270 828 1350 emendanti,
839 1277 874 1337 et
887 1272 949 1337 hoc
964 1273 1089 1338 tociens
1102 1275 1256 1359 quociens

180 1392 331 1438 necesse
354 1372 466 1439 fuerit.
511 1374 557 1440 Et
588 1374 630 1439 de
652 1373 781 1439 duobus
803 1373 907 1451 libris,
942 1379 977 1439 et
1000 1374 1129 1441 duobus
1156 1378 1257 1441 vesti·

201 1475 330 1552 mentis,
364 1480 399 1540 et
432 1476 642 1552 ornamentis,
667 1479 701 1539 et
738 1474 811 1539 aliis
844 1474 880 1539 in
904 1497 1004 1540 manu
1039 1476 1120 1542 dieti
1152 1499 1256 1543 saeer-

202 1575 297 1653 dotis,
321 1576 410 1642 dicta
425 1577 544 1644 altaria
559 1577 840 1654 conseruentibus
856 1579 1012 1642 continue
1028 1578 1255 1658 existentibus,

201 1678 285 1744 fiant
307 1679 502 1758 indenturae,
526 1680 689 1745 interme
724 1678 801 1743 dum
827 1679 952 1756 vixero,
975 1686 1009 1744 et
1032 1687 1147 1765 postea
1168 1682 1257 1747 inter

202 1786 378 1867 patronum
413 1783 511 1849 dictae
535 1783 699 1861 cantariae,
725 1787 760 1846 et
791 1781 944 1847 custodes
966 1782 1127 1848 bonorum
1161 1784 1258 1849 dictae

202 1883 345 1949 eeclesias
377 1884 418 1949 de
442 1884 562 1949 Ikham
591 1890 751 1969 tanquam
774 1906 817 1949 ex
840 1904 909 1949 una
937 1890 1041 1970 parte,
1065 1890 1100 1951 et
1131 1886 1258 1963 dictum

202 1987 403 2053 sacerdotem
438 2008 480 2051 ex
518 1987 623 2051 altera
660 1992 766 2072 parte,
805 2006 904 2072 super
943 1987 1155 2053 institutione
1189 2010 1258 2066 sua,

202 2086 292 2174 quod
324 2090 407 2155 bene
442 2093 476 2153 et
510 2089 602 2153 salve
624 2088 854 2175 gubernentur
888 2093 922 2153 et
953 2088 1183 2155 custodiantur
1215 2092 1258 2157 ad

202 2213 300 2256 usum
338 2191 436 2257 dictae
473 2191 648 2269 cantariae3
689 2190 783 2276 eujus
822 2211 891 2255 una
927 2212 1004 2277 pars
1041 2197 1186 2277 ponatur
1222 2194 1258 2259 in

204 2292 328 2359 dictam
366 2293 484 2359 cistam
521 2292 608 2357 ferro
647 2291 795 2377 ligatam,
834 2298 869 2356 et
906 2292 1011 2357 altera
1048 2314 1123 2378 pars
1160 2317 1260 2380 penes

202 2395 329 2461 dietum
352 2394 553 2459 sacerdotem
585 2398 761 2459 remaneat.
810 2394 957 2473 Quorum
987 2396 1160 2461 custodum
1183 2418 1258 2462 cum
1379 2448 1382 2453 .

202 2498 323 2584 aliquis
347 2497 476 2574 obierit,
491 2494 607 2561 ordino
630 2500 665 2559 ct
687 2497 861 2572 constituo,
885 2497 973 2581 quod
989 2496 1097 2563 dictus
1112 2500 1271 2566 sacerdos

203 2599 291 2665 infra
324 2599 412 2664 diem
450 2597 644 2673 naturalem,
679 2596 732 2661 vel
776 2599 975 2682 quamcitius
1006 2600 1153 2685 potuerit
1184 2622 1258 2667 cum

203 2700 274 2787 ejus
308 2701 436 2766 obitum
473 2699 615 2776 sciverit,
654 2698 743 2791 dicat
780 2720 839 2784 pro
875 2700 986 2764 anima
1023 2701 1094 2786 ejus
1127 2703 1259 2788 vigilias

204 2807 428 2883 mortuorum;
462 2800 498 2865 in
535 2800 589 2866 die
621 2822 699 2865 vero
734 2800 912 2887 sepulturae
944 2802 1090 2886 ejusdem
1125 2805 1258 2871 missam

205 2906 414 2992 peculiarem,
446 2908 481 2969 et
503 2925 562 2990 per
594 2907 785 2988 sequentem
819 2903 1033 2970 ebdomadam
1068 2906 1258 2973 memoriam

203 3007 325 3074 habeat
358 3005 540 3092 specialem.
587 3005 692 3070 Item:
722 3007 798 3071 volo
822 3011 857 3070 et
880 3007 996 3072 ordino
1019 3029 1120 3072 unam
1143 3009 1260 3075 inden-

204 3113 312 3174 turam
349 3107 450 3194 hujus
489 3105 704 3172 ordinationis
740 3111 774 3170 et
819 3106 942 3186 formae,
980 3122 1055 3193 post
1092 3109 1259 3176 decessum

205 3231 324 3292 meum,
348 3209 536 3276 haeredibus
559 3213 593 3272 et
609 3207 786 3293 assignatis
809 3208 891 3273 meis
907 3209 1062 3274 continue
1084 3232 1261 3291 remanere,

206 3313 345 3378 alteram
368 3331 448 3377 vero
481 3309 517 3374 in
540 3309 694 3376 manibus
718 3311 892 3399 custodum
928 3311 1071 3377 ecelesiae
1094 3314 1260 3399 praedictae

206 3423 246 3480 ut
269 3413 470 3500 praedicitur,
494 3417 529 3478 et
542 3411 645 3476 solam
661 3433 773 3477 earum
789 3413 916 3497 copiam
929 3415 1078 3480 sacerdos
1093 3418 1261 3501 praedictae

207 3516 362 3584 cantoriae
384 3535 484 3601 penes
507 3535 542 3579 se
565 3513 710 3579 habebit.
756 3513 818 3580 Pro
834 3515 955 3598 quibus
979 3516 1132 3583 omnibus
1153 3519 1260 3586 invio-

206 3619 351 3684 labiliter
385 3616 609 3693 observandis
631 3617 706 3680 volo
739 3617 827 3701 quod
850 3617 990 3702 quilibet
1012 3620 1162 3686 sacerdos
1188 3622 1260 3708 jam

205 3721 391 3797 institutus,
416 3719 468 3785 vel
501 3717 728 3783 instituendus
755 3718 979 3805 imposterum,
1003 3721 1152 3789 indicta
1185 3745 1259 3790 ean-

206 3825 303 3902 taria,
325 3842 434 3889 coram
457 3821 519 3887 looi
543 3819 719 3897 ordinario,
742 3819 778 3884 in
810 3820 1023 3886 institutione
1045 3845 1106 3890 sua
1127 3832 1262 3912 praestet

202 3925 429 4011 juramentum
445 3922 617 4009 corporale,
635 3922 724 4008 quod
750 3921 852 4006 istam,
864 3922 1104 3991 ordinationem
1119 3927 1262 3995 fideliter

206 4027 403 4103 observabit,
434 4024 614 4091 secundum
648 4022 787 4088 formam
819 4025 1028 4110 praemissam,
1061 4049 1127 4112 quo
1160 4031 1203 4096 ad
1226 4054 1260 4097 se

207 4128 340 4216 singule
362 4126 530 4193 observari
564 4126 786 4212 permittatur.
849 4125 1052 4193 Potestatem
1082 4135 1197 4198 tamen
1227 4141 1262 4200 et

207 4229 440 4296 auctoritatem
474 4227 626 4304 addendi,
650 4227 705 4292 vel
729 4227 882 4314 augendi,
905 4235 941 4294 et
974 4230 1010 4294 in
1044 4237 1258 4319 competenei-

204 4353 294 4399 orem
332 4331 473 4396 formam
512 4327 600 4394 hane
644 4327 888 4394 ordinationem
934 4351 1040 4396 meam
1078 4335 1258 4422 redigendi,

204 4435 330 4501 tociens
353 4431 508 4520 quociens
531 4431 685 4518 expedire
708 4430 884 4511 videbitur,
917 4433 998 4498 dum
1020 4435 1135 4503 vixero
1157 4439 1259 4506 miehi

206 4557 346 4603 reservo.

603 4735 611 4771 ²
628 4735 723 4798 labore,
733 4752 783 4790 cm.
795 4738 853 4792 MS.
