3350 5800
583 836 874 894 cmwffllursszs
1194 838 1257 903 13³

197 1025 314 1093 Mariae
335 1028 506 1114 angelicis,
520 1027 603 1095 alias
625 1028 749 1095 eisdem
772 1053 831 1117 per
852 1032 1103 1118 praedecessores
1126 1039 1255 1103 nostros

195 1130 234 1193 in
267 1150 382 1195 eorum
413 1132 675 1211 visitationibus,
697 1131 886 1219 injunctum
919 1141 954 1200 et
985 1137 1202 1223 assignatum,
1225 1139 1254 1203 si

197 1233 367 1297 commode
389 1232 462 1297 fieri
484 1234 639 1319 potuerit,
663 1235 849 1320 compleant
872 1235 908 1299 in
931 1236 1002 1321 ipso
1026 1240 1179 1318 oratorio,
1202 1240 1253 1305 di·

197 1338 277 1398 cant
299 1333 402 1399 etiam
424 1356 501 1400 cum
524 1334 710 1401 devotione.
756 1336 863 1402 Item:
886 1338 974 1422 quod
989 1340 1102 1405 nullus
1118 1342 1253 1428 recipia-

198 1438 257 1499 tur
277 1436 315 1499 in
336 1436 484 1514 fratrem,
500 1442 559 1503 aut
582 1437 728 1523 aliquam
751 1438 788 1502 in
808 1460 960 1518 sororem,
977 1441 1057 1506 dicti
1080 1441 1253 1528 hospitalis

198 1538 270 1603 sine
308 1540 444 1605 consilio
477 1545 512 1604 et
543 1560 679 1605 assensu
713 1540 869 1606 Ecclesiae
905 1541 1163 1621 Cantuariensis‚
1195 1544 1252 1630 qui

197 1661 259 1725 pro
296 1645 445 1727 tempore
482 1640 593 1719 firerit,
625 1641 765 1722 Prioris;
802 1642 957 1728 idemque
995 1646 1174 1711 statuimus
1211 1647 1252 1713 de

198 1741 386 1829 Capelianis
423 1744 461 1808 in
498 1744 570 1829 ipso
607 1742 765 1830 hospitali
803 1744 1028 1811 celebraturis.
1089 1747 1144 1811 Ad
1181 1747 1253 1813 haec

199 1844 398 1925 ordinamus,
415 1846 502 1932 quod
525 1845 567 1911 de
590 1851 699 1911 cetero
722 1846 903 1932 deputetur
925 1867 994 1911 una
1017 1847 1100 1913 cista
1124 1849 1158 1912 in
1181 1849 1252 1916 loco

199 1967 312 2012 securo
349 1947 438 2012 infra
472 1949 600 2013 dictum
635 1948 797 2035 hospitale
829 1948 992 2035 ponenda,
1025 1948 1133 2015 tribus
1171 1952 1252 2015 seris

198 2048 308 2113 tribus
330 2048 470 2113 diversis
504 2047 653 2113 clavibus
675 2048 824 2127 firnata3
856 2070 996 2133 quarum
1019 2050 1162 2115 clavium
1185 2074 1253 2117 una

198 2148 322 2215 babeat
346 2150 523 2228 Priorissa;
545 2150 724 2215 secundm
747 2150 870 2217 babeat
893 2170 979 2216 unus
1001 2151 1143 2217 fratrum
1167 2154 1251 2239 ejus-

199 2252 275 2315 dem
299 2250 480 2337 hospitalis,
502 2250 607 2335 siquis
640 2250 753 2329 fuerit,
776 2272 836 2337 per
868 2251 1047 2317 confratres
1081 2276 1160 2319 suus
1193 2256 1252 2320 eli-

199 2354 335 2441 gendus,
351 2355 499 2440 alioquin
521 2377 590 2420 una
611 2378 655 2421 ex
677 2357 842 2422 sororibus
864 2378 924 2443 per
946 2358 1102 2445 majorem
1124 2366 1253 2447 partem

199 2478 409 2523 consororum
431 2479 565 2523 suarum
588 2458 631 2523 ad
653 2459 716 2525 hoc
737 2459 940 2524 nominanda
952 2485 960 2539 ;
984 2461 1117 2528 tertiam
1140 2470 1252 2530 autem

200 2558 322 2625 habeat
336 2559 441 2645 ipsius
455 2558 630 2645 hospitalis
646 2560 814 2627 Celerissa.
859 2561 902 2626 In
923 2562 997 2648 ipsa
1010 2586 1090 2631 vero
1105 2566 1188 2631 cista
1202 2588 1252 2630 re-

200 2667 368 2747 ponantur
382 2661 529 2747 ejusdem
551 2661 726 2748 hospitalis
748 2662 895 2749 sigillum
918 2684 1098 2743 commune,
1113 2686 1151 2732 ac
1167 2666 1252 2753 ejus·

180 2743 188 2774 ¹
201 2763 277 2827 dem
292 2762 468 2849 hospitalis
483 2763 672 2839 evidentiae,
687 2769 799 2842 cartae,
814 2768 850 2829 et
865 2766 1072 2831 munimenta
1087 2787 1252 2852 quaecum·

202 2887 275 2953 qus.
323 2864 430 2932 Item:
456 2867 546 2953 quod
568 2866 605 2930 iu
628 2866 820 2932 visitatione
843 2867 1013 2934 antedicta
1035 2870 1252 2955 comperimus

201 2970 289 3056 quod
301 2969 462 3034 Priorissa
475 2969 580 3056 ipsius
598 2968 780 3055 hospitalis,
798 2991 872 3054 ques
889 2991 976 3036 nunc
992 2976 1050 3048 est,
1067 2970 1202 3049 solebat,
1219 2975 1254 3037 et

199 3072 293 3150 solet,
329 3092 442 3136 omnes
473 3070 624 3135 redditus
658 3075 693 3135 et
726 3074 909 3156 proventus
948 3071 1030 3137 dicti
1069 3071 1253 3158 hospitalis,

200 3175 281 3251 sola,
303 3174 427 3260 absque
459 3173 599 3240 scientia
629 3193 841 3240 consororum
876 3195 1022 3252 suarum,
1058 3175 1141 3240 clam
1173 3177 1254 3242 reci-

200 3299 287 3363 pere,
321 3275 467 3360 stipsis
501 3273 706 3351 inconsultis,
741 3273 782 3338 de
815 3273 936 3339 eisdem
973 3275 1162 3361 disponere;
1196 3299 1253 3342 vo·

198 3381 310 3446 lumus
333 3382 369 3443 et
397 3376 589 3442 ordinamus
621 3374 710 3461 quod
744 3395 877 3440 exnunc
908 3375 998 3441 dicta
1030 3377 1196 3457 Priorissa,
1221 3383 1255 3444 et

200 3503 274 3567 quae
309 3479 374 3544 erit
404 3499 465 3564 pro
496 3482 644 3565 tempore
678 3477 714 3540 in
753 3476 911 3562 hospitali
947 3477 1115 3563 praedicto,
1145 3478 1255 3544 nullas

199 3582 416 3672 pecuniarum
447 3600 594 3645 summas
627 3579 752 3664 absque
785 3578 925 3644 scientia
958 3578 1110 3659 fratrum,
1134 3581 1162 3644 si
1196 3582 1254 3667 qui

199 3686 270 3751 sint
318 3682 470 3748 habitum
511 3680 614 3766 juxta
658 3680 763 3766 ipsius
808 3679 980 3766 hospitalis
1025 3681 1254 3748 fundationem

201 3787 395 3864 deferentes,
433 3789 469 3848 et
516 3781 651 3867 majoris
699 3782 804 3868 partis
858 3803 1071 3849 consororum
1119 3805 1253 3852 suarum

199 3887 340 3973 recipiat
372 3884 609 3972 quoquomodo.
657 3882 817 3948 Pecunias
849 3904 929 3950 vero
964 3884 1011 3950 sic
1045 3892 1201 3972 receptas,
1224 3889 1253 3954 si

201 4011 257 4057 eas
278 3995 428 4073 tempore
450 3986 649 4071 receptionis
673 3984 853 4050 earundem
887 3987 1030 4071 expendi
1064 4009 1132 4053 non
1160 4011 1253 4076 opor·

200 4098 281 4168 teat,
304 4091 341 4155 in
362 4090 446 4154 cista
467 4093 650 4154 memorata
672 4087 793 4173 deponi
816 4088 970 4153 volumus
993 4095 1028 4154 et
1049 4090 1253 4160 mandamus.

201 4195 307 4259 Item:
331 4191 530 4266 ordinamus,
554 4189 644 4275 quod
666 4189 780 4254 nullus
802 4189 979 4254 custodum
1001 4189 1146 4258 clavium
1169 4215 1251 4280 prae·

202 4296 364 4361 dictarum
387 4292 514 4357 clavem
536 4291 602 4356 sibi
624 4291 831 4355 commissam
855 4289 913 4355 alii
929 4291 1043 4356 tradat
1065 4295 1252 4360 custodien-

202 4397 287 4462 dam.
344 4394 451 4459 Item:
491 4393 580 4479 quod
618 4393 692 4478 ipsa
729 4391 891 4458 Priorissa
929 4396 1074 4476 quatuor
1112 4394 1252 4482 singulis

198 4500 296 4566 annis
329 4495 482 4562 terminis
513 4494 717 4579 subscriptis,
753 4494 920 4572 videlicet,
942 4494 979 4558 in
1010 4494 1104 4563 festis
1137 4495 1251 4564 Sancti

201 4599 345 4677 Hillarii,
379 4595 589 4662 Inventionis
620 4595 752 4663 Sanctae
786 4593 912 4672 Crucis,
935 4594 1052 4662 Sancti
1083 4595 1174 4660 Petri
1208 4597 1251 4660 ad

199 4701 341 4780 vincula,
363 4705 399 4766 et
422 4698 580 4765 Omnium
604 4697 809 4777 Sanctorum,
824 4697 866 4766 de
887 4696 1040 4763 omnibus
1062 4694 1251 4761 redditibus
