3350 5800
413 859 476 922 212
855 871 990 921 anunm

408 1050 445 1112 oi
466 1049 522 1114 the
546 1050 619 1114 said
644 1049 751 1114 leer
776 1049 914 1134 Pryour,
937 1050 1004 1114 and
1027 1048 1209 1134 expendyd
1231 1047 1274 1111 bc
1297 1048 1356 1111 tha
1383 1046 1474 1109 limi-

408 1157 529 1238 tscyon
545 1152 582 1216 ol
605 1151 665 1238 My
681 1151 768 1216 Lord
783 1153 819 1216 of
844 1151 1078 1237 Counterbury
1088 1177 1096 1233 ;
1126 1152 1193 1216 and
1208 1150 1280 1215 also
1304 1150 1340 1214 in
1361 1169 1474 1234 payns

409 1253 446 1316 oi
472 1275 657 1342 removyng
678 1255 715 1318 of
736 1256 818 1339 hym
835 1255 909 1319 that
926 1260 1055 1340 trespss
1080 1254 1188 1318 frome
1213 1254 1278 1337 hys
1304 1250 1473 1336 lyvelode,

410 1357 451 1420 be
477 1362 717 1442 permutocyon
739 1379 777 1421 or
811 1356 913 1441 othyr
942 1379 1036 1442 wyse
1060 1357 1102 1421 be
1126 1357 1186 1421 the
1216 1354 1298 1439 wyll
1339 1352 1377 1415 oi
1411 1372 1474 1433 my

409 1459 483 1522 said
507 1459 594 1524 Lord
628 1458 664 1524 of
696 1458 942 1544 Caunterbury,
964 1458 1060 1545 aftyr
1084 1460 1143 1524 the
1174 1456 1283 1522 forme
1321 1455 1362 1518 of
1382 1454 1473 1519 their

410 1560 623 1647 foundacyon
646 1562 712 1627 and
736 1562 945 1627 ordinaunce.

277 1851 379 1902 ΠΜ·
415 1852 564 1916 1041.-
581 1849 652 1938 [Da
688 1867 799 1916 urssrs
838 1867 1036 1916 usurarium
1074 1868 1142 1916 rso
1178 1865 1297 1916 ansus
1334 1849 1471 1913 Dorum

613 1953 768 2018 Hrunrm
800 1969 975 2029 Quouuau
1015 1951 1302 2018 Clarumrausrs
1337 1951 1471 2014 Ascar-

243 2041 276 2094 Υ·
291 2045 334 2093 ¹⁸¹
349 2039 372 2092 Υ·
613 2055 790 2140 rancori]

287 1921 357 1968 ¹451.

226 2201 391 2300 'merop
454 2229 627 2296 Universis
650 2231 777 2298 Christi
801 2231 956 2296 fidelibus
979 2231 1024 2295 ad
1043 2251 1127 2315 quos
1149 2250 1286 2316 presens
1309 2229 1469 2314 scriptum

242 2311 389 2432 ἱῗόζῗξᾱε,
409 2333 606 2418 pervenerit,
644 2333 787 2399 Thomas
825 2333 920 2400 Prior
956 2333 1114 2399 Ecclesiae
1153 2331 1281 2398 Christi
1321 2330 1467 2397 Cantus-

241 2433 341 2500 ingthe
408 2435 525 2500 riensis
540 2439 575 2500 et
592 2434 785 2501 Conventus
808 2434 956 2518 ejusdem
979 2434 1134 2513 salutem,
1149 2439 1209 2501 etc.
1255 2432 1312 2496 Ad
1334 2433 1470 2496 univer·

238 2499 361 2615 qqqqne·
408 2536 518 2600 sitatis
544 2541 665 2601 vestrm
696 2537 853 2602 notitiam
874 2536 993 2602 deduci
1016 2536 1172 2602 volumus
1192 2558 1252 2622 per
1282 2540 1469 2621 praesentes,

240 2631 378 2747 fflggff
408 2637 496 2722 quod
530 2659 598 2715 nos,
631 2638 735 2725 digna
768 2637 1032 2704 consideratione
1055 2643 1311 2703 rememorantes
1343 2644 1469 2722 quanta

240 2765 305 2810 cmm
319 2762 384 2812 meir
407 2740 533 2825 pietate
571 2745 711 2826 paterna
746 2741 851 2807 felicis
882 2740 1121 2806 recordationis
1152 2740 1320 2806 chricus
1351 2761 1466 2824 cogno-

238 2828 384 2958 {J'ssfflh'
406 2842 553 2909 minatus
576 2841 742 2920 Obichele,
765 2864 874 2929 nuper
895 2842 999 2929 hujus
1023 2842 1181 2910 Ecclesiae
1202 2842 1341 2909 celebris
1364 2842 1467 2907 archi-

238 2958 326 3024 }{enry
406 2944 535 3029 praesul,
559 2966 618 3009 nos
642 2945 677 3009 in
701 2946 773 3011 vita
796 2945 988 3021 excoluerit,
1011 2946 1215 3031 quantisque
1246 2945 1466 3008 humanitatis

237 3024 385 3155 fflssl·
405 3049 440 3109 et
464 3043 629 3112 beneficius
652 3048 846 3111 muneribus
870 3047 1041 3112 ecclesiam
1064 3047 1215 3125 eandem,
1237 3048 1363 3111 nedum
1381 3047 1468 3110 inter

238 3156 342 3221 curly·
404 3146 500 3211 vivos
545 3149 603 3212 sed
649 3148 864 3233 amplissimis
909 3148 1150 3213 donationibus
1203 3170 1305 3213 causa
1351 3149 1466 3212 mortis

236 3222 326 3337 ἓξὲξ
335 3222 364 3271 of
403 3246 624 3325 affluentibus,
647 3257 869 3335 prosequutus
885 3249 989 3313 fuerit
1001 3270 1009 3327 ;
1032 3250 1347 3335 considerantesque
1370 3249 1466 3334 quod,

235 3355 362 3415 ponne„
397 3348 500 3432 juxta
523 3350 675 3416 ultimam
709 3352 781 3435 ejus
816 3352 1036 3427 voluntatem,
1061 3350 1193 3429 Custos,
1216 3352 1307 3428 socii,
1330 3357 1366 3416 et
1399 3373 1468 3416 sco·

235 3420 380 3544 {3320}
402 3446 487 3511 lares
512 3448 652 3535 Collegii
676 3450 876 3516 Animarum
908 3452 1059 3529 Oxoniae,
1082 3452 1174 3537 quod
1197 3453 1239 3516 de
1262 3474 1325 3515 sua
1347 3453 1466 3515 funda·

236 3550 282 3597 ΑΥ
295 3550 377 3601 Soun'
402 3548 492 3612 tione
524 3552 684 3627 consistit,
707 3552 849 3637 singulis
884 3553 980 3618 annis
1019 3553 1269 3638 imperpetuum
1304 3554 1402 3618 nobis
1434 3559 1467 3617 et

235 3612 346 3679 Collega,
569 3649 576 3663 .
774 3653 781 3666 .
1017 3654 1023 3667 .
1441 3654 1448 3667 .

233 3678 332 3731 declam
401 3651 642 3715 successonbus
676 3658 799 3717 nostrus
834 3660 961 3739 septem
1001 3653 1105 3717 libras
1143 3654 1240 3720 bonae
1278 3661 1314 3719 et
1352 3654 1466 3740 legalrs

233 3742 347 3795 theirin-
400 3754 543 3813 monetae
575 3753 670 3837 regni
695 3752 837 3839 Angliae,
861 3776 940 3840 erga
974 3754 1064 3819 diem
1088 3777 1156 3840 quo
1179 3756 1293 3820 obitus
1318 3756 1466 3841 ejusdem

234 3810 374 3939 lesstssffigd
399 3851 666 3916 reverendissimi
699 3856 805 3939 patris
838 3856 1062 3921 celebrabitur
1092 3858 1184 3942 apud
1215 3879 1287 3934 nos,
1310 3864 1468 3923 tenentur

234 3933 336 4050 2⁵52?st
399 3949 604 4031 persolvere;
637 3954 679 4017 de
712 3956 863 4019 unanimi
898 3964 932 4021 et
955 3958 1124 4022 communi
1147 3979 1313 4023 consensu
1336 3960 1466 4036 nostris,

232 4064 329 4143 solemn
399 4048 627 4131 capitulariter
649 4055 693 4117 ad
717 4054 777 4120 hoc
800 4058 1001 4145 congregati,
1024 4061 1256 4138 concessimus
1274 4063 1364 4145 qnod
1388 4063 1467 4125 dno·

232 4142 353 4183 ⁸⁶“'¹⁰⁰⁸·
399 4148 525 4212 decimo
548 4152 602 4216 die
626 4154 763 4240 Aprilis,
787 4158 841 4221 die
865 4158 1022 4224 videlicet
1044 4181 1112 4244 quo
1139 4162 1228 4225 idem
1253 4171 1353 4247 pater
1376 4186 1468 4227 reve-

398 4248 613 4315 rendissimus
646 4256 691 4319 ab
713 4255 775 4320 hac
799 4256 872 4322 luce
906 4260 1076 4345 migravit,
1099 4262 1345 4347 impedimento
1367 4266 1467 4329 ratio-

398 4346 501 4409 nabili
540 4353 622 4415 tunc
669 4362 829 4431 cessante,
877 4359 1026 4445 alioquin
1073 4362 1127 4426 die
1184 4366 1343 4447 proximo
1390 4371 1469 4430 tunc

396 4456 553 4531 sequente
576 4474 643 4537 quo
679 4459 955 4543 impedimentum
988 4465 1182 4549 hujusmodi
1205 4492 1274 4535 non
1307 4479 1469 4551 occurret,

396 4546 554 4612 faciemus
577 4572 639 4634 pro
662 4560 774 4625 anima
797 4562 948 4646 ejusdem
978 4570 1251 4635 reverendissimi
1283 4574 1403 4657 patris,
1426 4574 1469 4637 ad

395 4665 559 4709 summum
599 4652 706 4721 altare
744 4660 779 4722 in
819 4663 936 4727 eadem
975 4666 1124 4733 Ecclesia
1174 4670 1235 4735 ubi
1274 4674 1468 4738 venerabile

393 4761 509 4824 corpus
532 4746 681 4827 ejusdem
705 4760 883 4843 requiescit
906 4765 1094 4847 humatum,
1118 4774 1279 4857 exequias
1304 4775 1348 4841 ds
1371 4781 1469 4843 nocte
