3350 5800
580 871 872 923 omrusnrarsss.
1189 855 1252 923 271

196 1069 237 1114 ac
260 1049 361 1115 etium
378 1050 629 1138 quinquaginta
651 1050 753 1115 libras
774 1049 1002 1115 liberalissime
1027 1050 1177 1129 donavit,
1194 1071 1254 1137 pro
1269 1066 1357 1126 eebor,
1368 1079 1425 1129 pre

197 1152 459 1236 possessionibus
492 1151 640 1218 emendis
674 1153 718 1217 ad
753 1152 949 1217 solvendum
985 1172 1044 1237 pro
1078 1152 1254 1238 stipbndiis
1267 1131 1417 1248 ffiffie

198 1252 365 1336 pincernas
388 1261 422 1319 et
445 1255 513 1321 coci
536 1254 573 1319 in
603 1254 726 1331 eodem,
749 1275 810 1320 nos
836 1254 967 1319 inducit
997 1262 1036 1320 ut
1068 1255 1140 1339 ejus
1162 1276 1254 1320 reve·
1267 1263 1413 1329 unsymm-

198 1353 336 1418 rendam
359 1357 596 1441 paternitatem
619 1356 786 1441 praecipuo
803 1355 947 1441 quodam
970 1355 1127 1422 officiose
1142 1356 1254 1422 studio
1267 1330 1423 1411 mm

199 1475 444 1542 prosequamur.
490 1458 590 1523 Unde
623 1479 683 1521 nos
711 1458 900 1523 Willelmus
924 1457 1088 1535 Chicbele,
1123 1458 1254 1537 Custos,
1267 1398 1374 1539 divid?

200 1562 236 1621 er
268 1556 357 1625 soen
393 1558 532 1646 corregs
556 1559 808 1625 carmensis
839 1560 1002 1646 prauus,
1029 1562 1256 1647 suprascripte
1268 1544 1385 1581 W·

201 1657 377 1744 diligenter
391 1662 705 1739 animadvertentes,
722 1662 940 1747 volentesque
956 1662 988 1727 ei
1011 1684 1071 1749 pro
1087 1668 1254 1749 tempora·

201 1758 290 1825 libus
324 1763 515 1849 spiritualia
535 1764 625 1829 bona
656 1764 844 1849 rependere,
869 1764 1025 1829 volumus
1047 1771 1083 1830 et
1105 1764 1255 1831 concedi·

201 1883 284 1941 mus,
306 1885 368 1950 pro
401 1865 499 1930 nobis
531 1871 567 1930 et
593 1865 833 1932 successoribus
863 1866 996 1942 nostris,
1018 1872 1059 1931 ut
1088 1867 1257 1934 cotidiana

202 1965 293 2051 apud
314 1988 375 2034 nos
397 1968 654 2055 imperpetuum,
679 1967 742 2032 sub
773 1969 925 2053 sequenti
955 1967 1069 2046 forma,
1094 1968 1165 2053 ejus
1196 1970 1254 2036 ha-

203 2066 323 2133 beatur
336 2069 505 2134 memoria.
551 2068 736 2155 Inprimis,
752 2069 842 2153 quod
856 2068 885 2132 is
901 2068 970 2152 qui,
981 2068 1086 2155 juxta
1101 2074 1171 2135 vim
1187 2077 1254 2137 sta-

203 2174 355 2235 tutorum
373 2169 514 2258 Collegii
528 2172 635 2236 nostri
650 2170 810 2256 praedicti,
827 2170 962 2237 missam
991 2192 1052 2257 pro
1075 2170 1254 2240 fundatore

203 2277 238 2337 et
260 2273 527 2339 benefactoribus
557 2274 680 2339 nostris
710 2272 873 2338 celebrare
895 2273 1074 2352 tenebitur,
1101 2279 1257 2341 teneatur

204 2373 305 2439 etiam
327 2376 509 2462 supradicti
528 2374 680 2462 Magistri
704 2375 840 2441 Thomas
857 2374 1067 2442 Chaundeler
1081 2377 1117 2440 in
1140 2378 1253 2442 eadem

204 2476 304 2543 misse
326 2478 518 2543 memoriam
533 2478 653 2543 hebere
669 2476 854 2563 specialem,
870 2498 1056 2563 nomenque
1078 2478 1159 2564 ejus,
1176 2479 1257 2544 dum

204 2579 338 2658 vixerit,
361 2579 397 2643 in
420 2579 557 2645 collecta
578 2578 671 2645 Deus
685 2578 749 2664 qud
769 2578 931 2645 caritatis
969 2580 1033 2644 sub
1055 2580 1118 2646 hac
1148 2580 1258 2648 forms

205 2680 298 2747 -do
317 2680 713 2768 fouuulotuol'bomoe,
739 2687 977 2767 postmortem
1002 2703 1079 2747 vero
1093 2683 1198 2767 ipsius
1220 2684 1258 2747 in

205 2781 341 2849 collecta
364 2783 510 2849 Iuclr'fcu
536 2783 684 2849 subhac
714 2783 905 2848 forma—ut
930 2782 1093 2849 meum
1118 2782 1257 2869 famuli

205 2884 261 2952 ter·
289 2884 429 2966 llwmoe,
460 2907 612 2973 expresse
651 2885 871 2972 pronunciare
909 2884 1085 2965 volumus;
1123 2884 1259 2972 insuper

206 2987 309 3052 etiam
332 2987 555 3068 concedimus,
571 2987 661 3073 quod
683 2987 823 3074 singulis
846 2986 962 3052 diebus
979 2986 1100 3053 Custos
1123 2987 1181 3072 qui
1198 3009 1258 3073 pro

205 3093 353 3175 tempore
375 3090 488 3167 fuerit,
502 3094 564 3156 aut
587 3090 644 3175 qui
661 3089 731 3174 ejus
747 3090 820 3156 vioe
834 3089 872 3154 in
887 3088 976 3154 Aula
990 3094 1065 3174 post
1079 3090 1258 3175 prandium

204 3197 266 3256 aut
288 3213 418 3256 coenam
453 3191 582 3278 gratias
619 3190 802 3270 inchoabit,
825 3191 863 3255 in
885 3190 952 3255 fine
973 3190 1167 3278 gratiarum,
1193 3191 1256 3256 sub

205 3291 268 3358 huc
289 3293 403 3372 forma,
427 3293 580 3379 praedicti
610 3292 765 3378 Magistri
790 3292 925 3357 Thomae
949 3290 1158 3357 Chaundeler
1183 3299 1259 3378 post

206 3392 311 3479 ipsius
353 3400 495 3460 mortem
533 3393 727 3458 memoriam
766 3392 941 3478 specialem
979 3393 1259 3460 faciet-Animo

200 3494 410 3581 fimdatorr'a
445 3495 566 3573 nostri,
605 3502 635 3560 et
672 3493 802 3561 astruo
834 3492 966 3560 summ
997 3492 1194 3577 Ctoudeler,
1219 3517 1259 3562 ae

206 3597 338 3664 aerae
367 3596 529 3665 ommium
554 3596 719 3683 fidcluuu
756 3595 1008 3682 defunctorum,
1026 3617 1091 3681 per
1123 3595 1258 3664 miseri-

206 3699 364 3767 cordium
377 3699 451 3778 Dei,
472 3698 748 3786 requiescentis
765 3719 857 3785 poce.
905 3697 1067 3763 Volumus
1088 3704 1258 3785 praeterea,

207 3810 241 3865 et
275 3823 333 3886 per
364 3807 544 3888 praesentes
578 3800 795 3876 concedimus,
829 3799 919 3884 quod
952 3798 1107 3885 quotiens
1138 3799 1259 3867 Custos

207 3902 388 3988 supradicti
411 3901 563 3988 Collegii,
598 3906 659 3968 aut
692 3901 763 3986 ejus
786 3900 895 3966 locum
917 3907 1045 3980 tenens,
1066 3902 1259 3987 pincernam

209 4010 270 4070 aut
292 4025 406 4071 cocum
434 4005 475 4070 de
497 4024 586 4069 novo
619 4004 656 4068 in
686 4003 802 4069 eodem
826 4002 975 4091 Collegio
997 4005 1144 4091 recipiet,
1167 4011 1260 4072 tene·

208 4105 301 4171 bitur
324 4107 368 4171 ab
390 4107 524 4184 eisdem,
546 4106 584 4169 in
606 4105 714 4191 prima
736 4104 870 4169 illorum
900 4104 1099 4172 admissione
1129 4129 1187 4173 seu
1209 4130 1260 4172 re·

208 4208 368 4292 ceptione,
406 4207 573 4293 corporale
606 4206 835 4290 juramentum
874 4207 1014 4293 exigere,
1053 4209 1142 4293 quod
1186 4209 1259 4296 ipsi,

208 4307 348 4394 singulis
378 4308 495 4374 diebus
518 4307 637 4393 quibus
669 4307 706 4370 in
731 4306 821 4372 Villa
845 4306 977 4373 Oxonia
1003 4309 1193 4386 residentes,
1226 4316 1261 4375 et

207 4411 301 4475 nulls
322 4410 474 4497 legitima
496 4431 596 4476 causa
613 4408 796 4495 praepediti,
815 4407 949 4486 fuerint,
966 4407 1002 4472 in
1019 4408 1155 4496 Capella
1177 4411 1259 4476 dicti

209 4511 348 4599 Collegii
366 4536 423 4598 pro
439 4513 551 4578 anima
565 4511 714 4597 praedicti
732 4510 886 4597 Magistri
898 4509 1032 4576 Thomee
1049 4510 1260 4576 Chaundeler

207 4614 307 4681 semel
330 4616 516 4680 orationem
538 4613 746 4678 Dominicem
770 4633 847 4676 cum
870 4610 1081 4677 Salutatione
1097 4611 1260 4698 Angelica

207 4718 327 4785 dicent
374 4717 429 4782 Ad
458 4717 597 4782 istorum
622 4715 888 4781 observationem
910 4735 971 4779 nos
993 4720 1029 4780 et
1059 4735 1260 4782 successores
