3350 5800
437 826 479 893 96
520 878 523 887 .
883 838 1019 889 mssa

428 1020 596 1105 praedictae
627 1018 724 1096 cives,
763 1017 896 1096 incolas,
931 1024 966 1084 et
1004 1017 1254 1095 inhabitatores,
1287 1020 1405 1087 habita
1442 1022 1488 1087 de

426 1122 572 1207 ipsorum
599 1120 761 1186 civilitate
784 1123 819 1184 et
842 1118 990 1185 incolatu
1023 1119 1269 1195 informatione,
1292 1123 1336 1187 ad
1366 1121 1486 1187 diffici-

424 1223 521 1289 liores
544 1244 602 1288 seu
625 1220 817 1287 discutiores
848 1221 1061 1306 probaoiones
1081 1224 1314 1308 gravaminum
1335 1245 1486 1302 suorum,

419 1326 490 1411 jam
543 1330 768 1411 porrectorum
806 1328 842 1388 et
878 1322 1071 1389 infuturum
1111 1325 1208 1389 dictis
1247 1325 1400 1392 terminis
1438 1328 1484 1393 de

424 1426 545 1512 quibus
577 1447 678 1511 supra
709 1425 988 1511 porrigendorum‚
1022 1448 1122 1511 quam
1158 1426 1281 1493 incolas
1315 1432 1485 1494 terrarum

422 1530 546 1595 Prusiae
584 1533 618 1593 et
655 1527 824 1614 Lyvoniae‚
844 1527 946 1612 juxta
983 1527 1122 1594 formam
1158 1529 1413 1595 indenturarum
1436 1530 1482 1595 de

422 1631 542 1717 quibus
565 1630 749 1717 praeiertur‚
773 1652 842 1693 non
866 1630 1027 1694 artabunt
1050 1652 1110 1695 seu
1134 1631 1345 1717 compellent.

252 1758 364 1809 Aneient
466 1732 607 1819 Insuper
630 1732 833 1819 promittunt
855 1731 1004 1816 praedicti
1021 1730 1220 1797 Wilhelmus
1242 1739 1278 1798 et
1299 1733 1480 1811 Johannes,

253 1824 386 1891 privileges
422 1835 518 1920 quod,
541 1840 716 1921 postquam
740 1834 886 1919 primum
908 1833 944 1897 in
967 1854 1105 1919 regnum
1128 1834 1260 1921 Angliae
1282 1840 1318 1901 et
1340 1836 1382 1929 ad
1406 1858 1480 1919 pro·

252 1892 360 1955 granted
370 1900 398 1943 ro
448 1938 454 1951 ,
502 1937 508 1952 ‚
689 1936 733 1951 ,,
834 1936 841 1950 ,
1058 1936 1064 1949 ,

253 1958 297 2007 the
309 1958 397 2009 nauca
422 1958 565 2003 vmcram
600 1937 735 2001 Dom1n1
759 1936 861 2021 Regrs
894 1940 1117 2021 pervenerunt,
1139 1937 1366 2022 procurabunt
1388 1939 1479 2023 quod

252 2024 376 2140 ffi‘hffof
421 2038 531 2103 omnia
554 2043 588 2103 et
610 2038 741 2123 singula
763 2036 939 2123 privilegia
962 2037 1198 2102 mercatoribus
1221 2038 1262 2103 de
1278 2039 1404 2116 Hansa,
1419 2061 1481 2125 per

252 2155 308 2221 ung
335 2159 408 2208 noro
421 2140 557 2205 celebris
580 2137 746 2204 memoriae
771 2138 878 2223 Reges
900 2137 1041 2223 Angliee,
1064 2159 1225 2216 concessa,
1248 2149 1283 2203 et
1313 2161 1371 2225 per
1394 2163 1480 2226 prae.

251 2223 358 2351 ξςθζξὲἀ
420 2242 547 2308 dictum
569 2241 751 2306 Dominum
775 2240 900 2325 Regem
931 2240 1135 2316 confirmata,
1158 2242 1341 2306 secundum
1363 2264 1480 2307 omnes

419 2364 495 2407 suas
517 2341 740 2407 continencias
764 2340 1010 2417 inviolabiliter,
1034 2362 1055 2405 a
1094 2341 1184 2406 dicto
1220 2341 1363 2407 Domino
1388 2344 1479 2427 Rege

418 2449 452 2509 et
475 2444 551 2521 suis,
575 2444 719 2508 debeant
753 2442 929 2507 observari.
986 2443 1031 2506 Et
1054 2443 1142 2527 quod
1165 2444 1206 2507 de
1241 2450 1350 2508 cetero
1372 2445 1476 2509 nichil

417 2548 452 2610 in
510 2545 738 2633 praejudicium
792 2543 1041 2629 privilegiorum
1099 2544 1253 2629 ipsorum,
1301 2546 1478 2631 quibusvis

417 2648 564 2734 quaesitis
586 2647 753 2713 occasione
777 2668 833 2710 seu
857 2646 1016 2722 colores
1042 2646 1131 2711 dicto
1154 2646 1300 2711 Domino
1324 2648 1415 2733 Rege
1439 2656 1476 2712 et

415 2752 457 2814 ab
489 2750 604 2815 incolis
636 2748 728 2833 regni
760 2745 892 2833 Angliae
926 2748 1075 2812 indebite
1111 2748 1231 2813 debeat
1265 2751 1473 2835 attemptari.

416 2852 536 2918 Omnia
559 2851 662 2918 eciam
684 2855 799 2915 contra
820 2848 1011 2935 hujusmodi
1033 2849 1209 2936 privilegia
1232 2850 1401 2937 hucusque
1424 2858 1478 2916 at·

416 2959 581 3040 temptata
619 2958 653 3018 et
690 2951 780 3017 iacta
813 2953 1017 3037 promittunt
1050 2951 1205 3037 plenarie,
1239 2954 1475 3020 emendacione

416 3055 607 3120 racionabili
631 3063 666 3120 et
684 3055 786 3138 justa,
809 3053 980 3117 reformari
1002 3058 1037 3117 et
1059 3053 1209 3119 rescindi.

247 3190 358 3253 anunes
462 3155 497 3222 Si
536 3178 613 3220 vero
653 3155 755 3240 (quod
793 3155 896 3237 absit)
939 3154 1132 3220 civitatibus
1164 3161 1198 3219 et
1236 3157 1478 3221 mercatoribus

246 3257 393 3332 committed
415 3258 600 3335 civitatum,
639 3256 844 3342 oppidorum,
882 3262 917 3320 et
962 3256 1108 3321 locorum
1153 3257 1387 3342 praedictorum
1434 3261 1476 3324 de

246 3324 380 3440 mim,
415 3361 541 3436 Hansa,
571 3382 591 3423 a
629 3359 708 3423 data
739 3358 964 3443 praesencium,
995 3380 1054 3443 per
1084 3359 1243 3444 Anglicos
1277 3365 1312 3424 et
1345 3361 1476 3425 incolas

247 3457 365 3572 {fbssg‘
418 3463 508 3548 regni
542 3461 680 3547 Angliae,
716 3460 765 3525 vel
805 3459 955 3545 Anglicis
985 3465 1046 3524 aut
1083 3459 1200 3525 incolis
1238 3462 1343 3546 ipsius
1379 3465 1475 3548 regni

246 3537 402 3651 isrqstqsvidqq
415 3587 473 3650 per
503 3564 631 3649 aliquos
677 3567 874 3626 urercatores
907 3567 968 3627 aut
999 3561 1081 3626 alios
1114 3563 1290 3627 civitatum
1322 3571 1383 3628 aut
1416 3587 1476 3650 op·

246 3654 368 3770 {mian
414 3669 566 3754 pidorum
610 3666 855 3752 praedictorum,
891 3665 927 3728 in
970 3666 1122 3741 navibus,
1165 3665 1270 3743 bonis,
1304 3673 1365 3730 aut
1397 3690 1473 3752 per-

245 3759 335 3852 trosti.
415 3771 512 3846 sonis,
536 3769 648 3854 aliqua
677 3768 832 3852 dampna,
856 3765 999 3848 injuriae,
1036 3767 1123 3850 [aut]
1157 3767 1362 3852 gravamina,
1386 3770 1476 3834 infra

414 3871 538 3936 dictum
571 3891 675 3933 unum
705 3889 829 3932 annum
863 3871 898 3930 et
937 3867 1145 3952 praescriptos
1182 3874 1310 3952 septem
1343 3889 1474 3934 menses

414 3974 536 4058 injuste
575 3968 779 4046 inferentur,1
823 3971 942 4053 quovis
985 3970 1124 4054 quaesito
1162 3969 1276 4045 colore,
1317 3971 1474 4055 promise-

413 4080 493 4138 runt
530 4073 653 4147 nuncii,
692 4070 915 4146 commissarii,
946 4070 1208 4147 ambassiatores,
1246 4076 1281 4135 et
1318 4093 1476 4157 procura·

414 4182 500 4241 tores
524 4195 637 4239 omnes
669 4179 703 4238 et
734 4173 859 4260 singuli
884 4173 1076 4258 supradicti,
1101 4173 1188 4257 quod
1212 4173 1325 4237 omnia
1355 4173 1473 4259 hujus-

414 4277 504 4341 modi
528 4275 681 4360 dampna,
705 4274 845 4360 injuriae,
870 4280 905 4338 et
926 4275 1131 4357 gravamina,
1154 4274 1202 4339 sic
1234 4274 1336 4352 illata,
1359 4276 1403 4340 ab
1426 4279 1475 4341 eis

413 4379 471 4462 qui
495 4399 534 4442 ea
556 4376 700 4441 inferent
723 4375 776 4440 vel
801 4375 1018 4450 committent,
1042 4373 1213 4439 reformari
1236 4381 1271 4439 et
1302 4377 1472 4442 emendari

414 4480 592 4558 debebunt,
624 4479 711 4543 sicut
745 4484 779 4542 et
813 4481 922 4563 prout,
945 4477 982 4542 in
1020 4498 1096 4542 casu
1129 4476 1301 4554 consimili,
1325 4477 1392 4542 illis
1429 4481 1471 4545 do

360 4653 364 4660 ,
413 4581 530 4647 Prusia
563 4580 766 4655 reformacio,
797 4579 973 4666 reparacio,
1009 4583 1044 4642 et
1075 4578 1222 4658 emenda,
1255 4579 1296 4644 de
1329 4580 1471 4665 injuriis,

797 4781 802 4811 ¹
819 4780 996 4841 insererentur,
1008 4780 1064 4830 MS.
