3350 5800
436 838 500 902 268
553 796 557 807 Ι
890 853 1023 901 urruns

433 1035 615 1101 elusionem
651 1035 870 1101 ducentarum
907 1056 1057 1101 acrarum
1100 1035 1230 1100 marisci
1269 1036 1305 1100 in
1342 1036 1491 1101 dominio

433 1141 545 1202 nostro
584 1136 625 1201 de
663 1136 781 1222 Aghne
827 1156 1005 1221 earumque
1043 1134 1266 1201 defensionem
1303 1136 1347 1202 ab
1393 1138 1491 1222 aquis

434 1238 537 1316 salsis,
562 1243 596 1303 et
626 1238 669 1303 ad
701 1238 935 1323 perfectionem
965 1259 1062 1303 novae
1092 1238 1287 1304 inclusionis
1317 1240 1359 1304 de
1385 1238 1488 1305 Kete-

433 1338 578 1405 mersche
610 1338 645 1403 in
678 1339 832 1404 dominiis
861 1338 985 1403 uostris
1016 1338 1057 1404 de
1080 1338 1229 1425 Apnldre
1259 1346 1293 1404 et
1317 1340 1489 1425 Feyrfyld,

432 1442 591 1507 ducentes
622 1441 719 1505 nobis
753 1462 879 1506 marcas
912 1441 1140 1506 liberalissime
1167 1441 1329 1519 contulit;
1361 1463 1401 1506 ac
1431 1442 1488 1506 de·

433 1566 524 1607 mum
548 1543 637 1628 quod
669 1564 831 1627 expensus
854 1541 948 1607 dedit
982 1542 1181 1607 necessarias
1204 1542 1248 1606 ad
1278 1542 1487 1628 impetratio-

432 1666 508 1710 nem
540 1644 711 1729 cujusdam
735 1644 841 1708 Bullse
871 1643 915 1707 ab
939 1643 1129 1729 Apostolica
1152 1643 1238 1708 Sede
1265 1643 1306 1708 de
1337 1643 1489 1729 plenarie

434 1746 645 1833 indulgentia
667 1766 726 1831 pro
742 1744 896 1810 omnibus
920 1744 1091 1810 monachis
1107 1745 1358 1811 Cantuariensis
1375 1745 1487 1811 Eccle-

431 1849 488 1913 siae
523 1854 670 1933 ternpore
705 1847 776 1912 dati
811 1847 960 1932 ejusdem
993 1847 1100 1911 Bullae
1132 1847 1295 1933 professis,
1329 1869 1367 1912 ac
1399 1846 1488 1912 infra

435 1950 613 2015 terminum
644 1953 760 2035 postea
790 1947 1002 2033 professuris;
1033 1948 1411 2032 animadvertentesque,
1442 1969 1487 2012 ex

432 2052 664 2120 honestissima
695 2050 766 2137 lege
800 2050 960 2126 caritatis,
984 2050 1026 2115 ad
1048 2072 1110 2114 nos
1144 2051 1233 2136 ipsos
1256 2049 1422 2135 pertinere
1446 2056 1487 2115 ut

432 2178 499 2221 non
523 2156 692 2242 patiamur
714 2175 774 2219 nos
798 2176 877 2241 erga
900 2159 968 2218 tam
993 2154 1173 2219 clarissima
1195 2154 1354 2219 beneficia
1379 2154 1486 2218 videri

433 2258 587 2343 ingratos,
634 2264 767 2321 matura
811 2255 1050 2321 deliberatione
1096 2256 1289 2341 praebabita,
1337 2256 1486 2320 unanimi

432 2360 606 2425 voluntate
638 2364 673 2423 et
696 2380 855 2424 consensu
887 2358 1026 2444 praefato
1048 2358 1228 2423 reverendo
1259 2358 1349 2444 patri
1372 2362 1486 2424 nostru

432 2464 565 2528 Thomae
590 2462 794 2529 Ohandelere
817 2461 1044 2540 concessimus,
1066 2482 1104 2526 ac
1127 2483 1185 2547 per
1208 2474 1387 2547 praesentes
1409 2483 1486 2527 nos·

433 2570 502 2629 tras
524 2570 676 2651 patentes
699 2564 829 2629 litteras
845 2563 1063 2637 concedimus,
1081 2563 1170 2649 quod
1185 2562 1229 2628 ab
1244 2584 1332 2628 anno
1347 2563 1485 2628 Domini

432 2666 606 2731 millesimo
630 2665 955 2753 quadringentesimo
988 2664 1230 2750 septuagesimo
1252 2669 1358 2741 sexto,
1381 2665 1485 2730 etsie

432 2769 586 2853 deinceps
609 2767 777 2855 perpetuis
792 2766 998 2853 temporibus
1019 2766 1154 2844 futuris,
1171 2767 1329 2852 quamdiu
1353 2766 1484 2832 fructus

434 2870 665 2957 predictorum
702 2869 914 2936 mariscorum
938 2868 978 2934 de
1001 2868 1122 2954 Aghne
1148 2874 1184 2933 st
1206 2868 1247 2934 de
1269 2869 1484 2936 Ketememcb

434 2974 476 3038 ad
508 2973 718 3059 infrascripta
752 2971 1021 3037 distributionem
1059 2971 1232 3049 sufficiunt,
1265 2971 1300 3035 in
1339 2971 1392 3037 die
1425 2993 1484 3058 per

432 3077 552 3162 ipsum,
585 3075 625 3140 de
657 3073 823 3139 communi
856 3094 1016 3138 consensu
1048 3073 1197 3159 Capituli
1234 3073 1350 3150 nostri,
1381 3073 1483 3160 depu-

432 3178 543 3254 tnnd0,
558 3181 677 3264 agetur
699 3177 735 3240 in
751 3175 927 3240 Conventu
943 3181 1056 3240 nostro
1071 3175 1212 3260 singulis
1234 3174 1332 3240 annis
1347 3174 1482 3260 plenum

435 3279 580 3345 officium
590 3283 796 3342 mortuorum
809 3298 816 3354 3
833 3277 929 3352 idest
943 3276 1092 3361 exequiae
1103 3281 1138 3341 et
1152 3275 1253 3340 missa
1268 3275 1309 3340 de
1318 3275 1483 3362 Requicou

430 3403 489 3467 pro
523 3380 716 3479 parentibus
752 3385 786 3442 et
820 3377 1082 3444 benefactoribus
1117 3377 1196 3441 dum
1231 3378 1375 3456 vixerit-3
1406 3384 1482 3464 post

427 3489 565 3548 mortem
599 3486 711 3546 autem
748 3481 826 3562 ejus,
851 3480 887 3543 in
910 3479 963 3543 die
997 3478 1225 3544 anniversario
1247 3479 1359 3544 obitus
1382 3479 1483 3556 illius,

429 3591 504 3671 post
527 3583 721 3670 Capitulum
752 3581 811 3646 fiet
833 3581 1005 3647 classicum
1029 3581 1064 3645 in
1095 3580 1273 3666 campanili
1304 3581 1391 3646 siem
1421 3605 1481 3668 pro

428 3687 542 3751 multis
565 3685 686 3750 nostris
721 3682 987 3748 benefactoribus
1009 3683 1079 3746 lieri
1101 3683 1285 3758 consuevit,
1307 3687 1343 3748 et
1365 3683 1479 3749 eodem

427 3788 489 3863 die,
512 3787 540 3852 si
563 3785 730 3852 commode
754 3785 825 3849 fieri
862 3784 965 3869 possit
987 3783 1042 3849 vel
1064 3784 1119 3848 die
1141 3785 1294 3869 proximo
1326 3786 1482 3850 conveni·

427 3889 557 3965 entiori,
591 3893 709 3974 agetur
750 3886 891 3972 singulis
924 3887 1032 3964 aunis,
1068 3886 1104 3950 in
1137 3885 1334 3952 Conventur
1367 3892 1480 3953 nostro

426 3990 559 4066 seilicet,
583 3991 718 4074 plenum
753 3987 898 4052 officium
931 3993 1149 4068 mortuorum,
1181 3989 1232 4054 ita
1265 3988 1480 4074 solempniter

425 4093 511 4157 siout
534 4113 594 4177 pro
611 4091 760 4156 Wiberto
786 4090 913 4154 dudum
937 4088 1049 4154 Priore
1072 4089 1226 4155 Ecclesiae
1252 4096 1375 4155 nostrae
1397 4091 1480 4156 cele·

426 4193 514 4260 brari
537 4193 718 4268 consuevit,
734 4213 793 4278 pro
809 4191 921 4256 anima
937 4191 1042 4276 ipsius
1056 4195 1091 4255 et
1106 4191 1283 4255 animabus
1299 4199 1478 4277 parentum

425 4303 459 4362 et
492 4294 741 4360 benefactorum
775 4314 917 4356 suorum.
980 4292 1170 4378 Eodemque
1205 4292 1268 4368 die,
1300 4299 1362 4358 aut
1391 4295 1479 4359 infru

426 4419 569 4462 mensem
592 4395 742 4482 proxime
766 4395 1018 4471 numerandum,
1041 4395 1202 4479 quamdiu
1225 4398 1265 4459 ut
1287 4395 1481 4480 praedicitur

424 4499 551 4564 fructus
567 4495 799 4584 predictorum
813 4496 1026 4560 murier-orum
1042 4496 1086 4560 ad
1100 4496 1163 4561 hoc
1177 4494 1325 4561 sufficere
1341 4497 1478 4582 possint,

424 4621 483 4686 per
505 4599 652 4664 Priorem
684 4603 745 4660 aut
768 4596 840 4681 ejus
875 4597 1073 4682 deputatum
1105 4597 1281 4662 tradentur
1303 4597 1477 4684 Suppriori

425 4704 482 4788 qui
506 4723 564 4789 pro
587 4708 733 4785 tempore
769 4700 875 4765 fuerit
898 4704 1041 4783 quatuor
1063 4699 1166 4780 librae,
1189 4722 1249 4784 per
1279 4700 1389 4786 ipsum
1413 4701 1479 4766 dis·
