3350 5800
588 868 879 920 cmnnnmnsns.
1197 858 1261 921 113

204 1058 240 1117 et
279 1053 460 1133 Dnnstani,
497 1056 646 1142 depictus
683 1076 758 1121 cum
806 1054 946 1121 historia
993 1054 1258 1141 quadragesimae.

204 1153 317 1221 Item:
355 1157 433 1222 duae
470 1179 560 1243 eapae
598 1158 700 1223 blodii
749 1156 876 1233 eoloris,
914 1156 1081 1241 quondam
1120 1156 1259 1220 Henrici

203 1254 425 1343 Northwyeh.
470 1259 577 1325 Item:
601 1259 747 1344 quinque
781 1280 880 1345 capae,
904 1280 1043 1343 quarum
1077 1258 1151 1322 duae
1182 1278 1256 1322 cum

203 1358 357 1426 leonibus
381 1367 416 1426 et
438 1364 566 1427 eoronis
590 1362 708 1439 aureis,
731 1362 806 1427 duae
829 1384 905 1427 cum
929 1362 1059 1446 quercis
1081 1360 1200 1436 aureis,
1223 1366 1257 1424 et

202 1480 368 1526 unacum
393 1462 545 1528 leonibus
567 1463 684 1527 aureis.
732 1462 838 1527 Item:
861 1484 930 1527 una
952 1483 1034 1548 capa
1056 1461 1167 1537 rubea,
1182 1482 1257 1525 cum

204 1562 296 1637 msis,
318 1563 448 1647 aquilis,
464 1569 499 1628 et
520 1563 672 1628 leonibus
695 1564 867 1641 coronatis,
891 1562 1018 1648 orfreys
1042 1562 1082 1627 ds
1106 1562 1257 1647 passione

205 1660 341 1741 Christi,
357 1671 392 1731 et
413 1687 541 1731 morsus
557 1666 598 1730 de
613 1666 778 1731 Trinitate
793 1672 829 1731 et
850 1664 973 1731 litteris
989 1664 1037 1734 a.
1054 1662 1103 1730 Φ.
1147 1663 1254 1728 Item:

204 1786 310 1830 unum
342 1769 579 1832 vestimentum
616 1767 755 1831 rubeum
794 1768 835 1832 de
870 1766 997 1851 attaby,
1020 1787 1095 1831 eum
1127 1765 1256 1830 duabus

203 1868 302 1953 sapis,
326 1870 471 1954 quinque
502 1870 597 1947 albis,
630 1869 733 1945 stolis,
755 1877 790 1934 et
813 1867 1012 1954 manupulis‚
1035 1867 1078 1931 ad
1112 1867 1257 1931 servien-

205 1968 286 2033 dum
321 1970 454 2055 quando
479 1971 663 2038 servitium
686 1970 727 2034 fit
750 1970 791 2035 de
814 1968 938 2040 Sancto
970 1968 1103 2033 Thoma
1152 1968 1257 2032 Item:

203 2091 308 2134 unum
350 2072 587 2137 vestimentum
622 2072 762 2136 rubeum
793 2076 950 2137 vocatum
982 2070 1175 2154 Salusbury,
1199 2060 1276 2154 per'

204 2170 386 2236 Dominum
419 2173 563 2239 Pn'orem
595 2176 795 2259 reparatum,
818 2192 892 2237 cum
916 2192 1036 2236 novem
1060 2171 1158 2255 capis,
1182 2174 1256 2235 oete

204 2273 302 2353 albis,
326 2275 421 2341 stolis
445 2285 477 2340 et
501 2275 699 2361 manupulis.
761 2274 867 2338 Item:
891 2294 996 2338 unum
1018 2273 1255 2337 vestimentum

203 2375 337 2461 nigrum
361 2376 401 2441 de
436 2378 540 2442 series
571 2397 648 2442 cum
683 2376 841 2440 fluctibus
873 2374 1009 2439 marinis
1042 2374 1162 2450 rubeis,
1197 2395 1255 2438 sex

204 2496 304 2561 eapae,
326 2498 446 2543 novem
469 2477 564 2555 albae,
587 2484 622 2542 et
646 2498 732 2541 unus
765 2498 896 2562 pannus
929 2497 1002 2541 eum
1027 2474 1190 2553 frontello,
1213 2474 1257 2539 ad

204 2578 312 2661 majus
334 2578 450 2657 altare,
465 2580 506 2643 de
529 2579 644 2643 eadem
666 2583 763 2643 secta
809 2578 917 2643 Item:
941 2598 1009 2643 una
1031 2598 1152 2663 magna
1167 2581 1256 2642 senta

202 2699 359 2765 eapsrum
381 2681 500 2745 viridis
521 2681 659 2760 eoloris;
682 2680 848 2757 videlieet,
870 2680 1110 2765 quaterviginti
1133 2685 1167 2744 et
1182 2700 1256 2743 sex·

204 2781 316 2846 decem
338 2803 439 2868 capae,
453 2804 529 2847 eum
544 2783 693 2868 quinque
715 2782 843 2858 easulis,
859 2803 918 2846 sex
934 2781 1102 2857 tuniculis,
1126 2778 1255 2845 duabus

203 2881 397 2962 dalmaticis,
419 2884 634 2970 septuaginta
657 2888 691 2949 et
713 2906 772 2948 sex
804 2882 897 2963 albis,
921 2881 1024 2959 stolis,
1047 2889 1082 2946 et
1104 2881 1256 2967 manipu-

204 2983 254 3062 lis,
293 2991 328 3050 et
365 2990 437 3052 toto
475 2992 638 3073 apparatu
677 2985 798 3050 summi
842 2985 957 3050 altaris
997 2986 1045 3069 [et
1081 2983 1254 3070 altarium]

203 3086 344 3174 Elphegi
375 3093 411 3152 et
444 3087 625 3164 Dunstani,
648 3087 689 3152 de
712 3087 828 3152 eadem
864 3091 959 3152 secta.
1008 3085 1112 3148 Item:
1139 3084 1180 3148 In
1203 3105 1256 3150 ce·

201 3187 290 3272 pella
311 3188 435 3253 Prioris
465 3194 644 3275 apparatus
667 3189 772 3254 totius
803 3187 920 3251 altaris
952 3185 993 3250 de
1017 3185 1131 3250 eadem
1158 3191 1254 3249 secta

203 3288 311 3354 Item:
336 3295 514 3376 apparatas
530 3291 646 3355 altaris
662 3289 778 3356 Sancti
793 3288 930 3354 Thomae
953 3287 993 3352 de
1017 3287 1132 3352 eadem
1156 3291 1254 3350 secta.

202 3391 313 3457 Item:
336 3393 381 3457 ad
405 3393 576 3460 Germana
608 3397 789 3479 apparatus
822 3391 938 3457 altaris
963 3391 1004 3456 de
1027 3391 1142 3456 eedem
1165 3394 1256 3454 secta

202 3498 238 3557 et
274 3515 362 3559 unus
400 3515 531 3581 pannus
574 3515 747 3560 remanens
785 3495 821 3557 in
866 3492 1023 3557 vestiario
1061 3492 1103 3556 de
1142 3490 1254 3556 eadem

202 3601 300 3660 secta

246 3697 556 3763 ‹locam-Item:
590 3705 658 3763 tres
689 3698 801 3783 pelves
834 3699 1000 3781 argenteae
1024 3699 1058 3758 et
1080 3694 1253 3758 deauratae.

203 3797 311 3862 Item:
335 3804 479 3884 quatuor
501 3799 576 3865 aliae
599 3799 713 3886 pelves
736 3801 891 3884 argentae.
938 3797 1045 3861 Itemt
1080 3794 1147 3860 duo
1177 3815 1254 3861 ean·

203 3900 337 3964 delabra
370 3907 528 3986 argentea
559 3907 594 3965 et
626 3901 793 3966 deaurata.
841 3899 945 3963 Item:
980 3902 1053 3962 octo
1088 3897 1255 3964 tunibula

202 4007 359 4086 argentea
394 4007 429 4066 et
460 4001 628 4078 deaurata,
656 4007 691 4066 et
713 4001 780 4065 dno
811 3997 978 4063 turribula
1008 4003 1165 4084 argentea
1195 4022 1255 4085 pro

198 4105 387 4190 juvenibus,
411 4104 486 4169 dnae
508 4126 610 4169 naves
641 4124 701 4189 pro
732 4104 864 4167 incenso
897 4102 1103 4187 imponendo.
1149 4101 1254 4168 Item:

203 4227 306 4270 unum
339 4190 497 4291 magnum
530 4206 718 4292 pontificale
741 4205 781 4270 de
813 4225 905 4282 aure,
928 4225 1003 4268 eum
1029 4224 1097 4268 uno
1120 4204 1252 4290 saphiro

202 4314 319 4373 vocato
351 4306 517 4394 omma.
565 4309 673 4374 Item:
707 4308 773 4373 duo
804 4306 897 4372 anuli
930 4328 1004 4372 eum
1039 4305 1169 4371 duobus
1201 4329 1252 4372 sa·

203 4408 317 4495 phiris.
363 4408 469 4473 Item:
494 4415 563 4475 tres
594 4409 687 4474 anuli
718 4430 793 4474 cum
816 4407 976 4494 paritotis.
1025 4407 1130 4473 Item:
1164 4429 1251 4472 unus

202 4511 320 4575 anulus
342 4531 417 4574 eum
440 4532 508 4577 uno
530 4511 639 4597 lapide
661 4511 778 4576 eoloris
800 4509 842 4575 de
864 4510 1010 4574 aumbro.
1056 4508 1161 4573 Item:
1185 4509 1251 4574 duo

202 4611 294 4676 anuli
318 4632 392 4677 aum
415 4612 582 4698 capitibus
598 4612 639 4677 ‹le
662 4612 772 4699 lapide
796 4610 907 4676 Israel.
954 4609 1060 4674 Item:
1086 4630 1154 4673 una
1168 4628 1252 4674 zona

203 4714 244 4779 de
282 4714 384 4780 serico
421 4715 516 4802 nigro
554 4720 716 4802 apparata
762 4735 837 4780 cum
877 4711 972 4796 stipis
1018 4710 1182 4795 argenteis
1219 4715 1253 4774 et

297 4866 322 4915 υ
357 4869 446 4918 sien.
1094 4851 1120 4899 Η
