3350 5800
560 820 859 873 carrusrnnrsrs.
1170 808 1235 879 247

166 994 322 1061 fidelium
351 1000 563 1074 venerantur,
586 998 918 1064 honorificentissime
949 1000 1132 1065 transtulit.
1178 999 1235 1064 In·

166 1098 352 1183 stituitque
383 1099 510 1164 festum
550 1101 780 1165 translationis
821 1101 969 1187 ejusdem
1001 1124 1061 1186 por·
1103 1125 1235 1167 omnem

166 1201 379 1284 provinciam
428 1200 704 1268 Cantuariensenr
754 1204 947 1268 solemniter
984 1204 1235 1280 celebrandum;

167 1306 212 1377 et,
229 1323 307 1366 eum
324 1308 412 1368 esset
428 1304 481 1368 vir
504 1304 645 1369 seientia
667 1310 702 1370 et
725 1305 878 1369 doctrina
901 1306 1098 1391 praecipuus,
1115 1310 1154 1370 ut
1177 1306 1235 1389 qui

167 1408 282 1468 totum
299 1402 442 1471 Sacram
460 1406 669 1493 Scripturam
686 1408 816 1493 egregie
833 1408 1029 1493 postillavit,
1044 1408 1178 1492 scripsit
1193 1407 1236 1471 ad

167 1506 331 1571 honorem
356 1508 471 1573 Sancti
503 1510 544 1573 de
568 1510 653 1574 festo
686 1511 920 1575 translationis
951 1510 1023 1595 ejus
1054 1514 1235 1574 tractatum

167 1608 241 1673 sivo
266 1609 418 1674 libellum
449 1612 625 1696 quendam,
649 1613 684 1675 in
715 1612 810 1697 eujus
834 1614 900 1675 fine
932 1613 1003 1676 haee
1025 1611 1129 1675 verba
1159 1632 1236 1675 oon-

168 1711 343 1777 tinentur:
376 1713 463 1778 “Set
495 1715 530 1777 in
554 1714 690 1779 Christo
714 1719 879 1779 testamur
910 1719 1034 1799 praeter
1056 1714 1235 1776 humanam

168 1822 186 1846 “
211 1814 461 1899 providentiam
485 1816 651 1892 accidisse,
669 1816 731 1879 Dei
755 1816 868 1901 gratia
890 1816 1005 1879 taliter
1028 1820 1236 1899 procurante,

168 1924 185 1949 “
210 1917 302 2001 quod
326 1940 414 1981 anno
437 1918 714 2003 quinquagesimo
737 1917 902 2003 passionis
926 1916 1032 2001 ipsius
1047 1916 1236 1980 venerabile

168 2028 186 2053 “
210 2042 332 2105 eorpus
375 2021 448 2105 ejus
487 2022 629 2111 gloriam
676 2021 909 2085 translationis
947 2020 1083 2104 accepit
1147 2018 1237 2098 Quid

168 2132 186 2157 “
211 2128 326 2188 autem
350 2146 410 2210 per
433 2126 536 2190 istum
553 2124 744 2189 insinuetur
767 2128 937 2199 eventum,
960 2123 1237 2207 quinquagenarii

170 2233 187 2257 “
212 2226 324 2289 virtus
347 2226 444 2290 nobis
467 2228 602 2302 indicat,
626 2247 725 2310 quern
749 2225 952 2289 remissionis
974 2245 1150 2287 numenim
1167 2245 1237 2287 esse

169 2336 187 2361 “
211 2332 353 2403 constat,
386 2329 475 2413 quod
506 2329 619 2392 nullus
663 2348 765 2392 saone
797 2327 928 2412 paginae
961 2326 1065 2390 lector
1095 2325 1237 2410 ignorat.

170 2438 187 2463 “
213 2429 267 2493 Ex.
291 2432 354 2495 hoo
385 2432 491 2517 igitur
514 2431 603 2516 quod
635 2452 724 2494 anno
756 2428 1032 2514 quinquagesimo
1063 2426 1237 2491 transferri

171 2542 188 2567 “
212 2534 323 2598 voluit
346 2556 439 2620 spem
462 2540 587 2599 certam
611 2535 707 2598 nobis
731 2532 861 2608 tribuit,
884 2531 982 2616 quod,
1005 2530 1070 2593 nisi
1094 2553 1154 2615 per
1177 2553 1237 2594 nos

171 2644 189 2671 “
213 2638 356 2714 steterit,
381 2638 584 2702 remissionis
615 2636 712 2699 nobis
735 2635 879 2719 gratiam
903 2632 1095 2697 obtinebit.''
1142 2632 1237 2695 Idem

171 2744 338 2823 praeterea
360 2739 572 2803 venerandus
595 2736 793 2813 CardinaliS,
809 2736 967 2821 quoniam
990 2734 1113 2798 festum
1129 2738 1237 2797 trans-

172 2841 310 2906 lationis
336 2842 432 2906 Beati
464 2842 601 2906 Thomae
632 2839 761 2925 primus
791 2836 978 2902 instituisse
1008 2831 1237 2922 cognossitur·,¹

170 2944 323 3008 ereditur·
366 2965 499 3029 quoque
542 2942 717 3006 historiam
749 2941 790 3004 de
830 2938 1050 3005 translatione
1086 2935 1237 3020 praedieti

173 3046 339 3130 Martyris
356 3046 411 3110 vel
433 3046 505 3130 ipse
522 3044 700 3130 scripsisse,
717 3042 771 3106 vel
796 3041 952 3126 scriptam
970 3039 1013 3102 ab
1029 3038 1095 3100 alio
1110 3037 1238 3101 incerto

170 3155 310 3214 auctore
341 3155 381 3214 ut
412 3171 473 3234 per
513 3153 620 3212 totam
653 3145 859 3230 provinciam
891 3140 1166 3206 Cantuariensenr
1202 3139 1237 3201 in

171 3250 281 3316 officio
313 3252 462 3336 ejusdem
494 3250 571 3314 festi
594 3250 772 3334 legeretur,
796 3243 1006 3330 approbasse,
1028 3243 1063 3305 in
1095 3263 1162 3326 qua
1191 3239 1237 3304 le-

170 3355 283 3440 genda
306 3355 347 3419 de
370 3354 530 3440 praedieto
550 3351 679 3437 jubileo
702 3351 772 3414 haee
788 3349 892 3412 verba
914 3345 1100 3408 habentur:
1123 3352 1139 3376 “
1153 3341 1237 3405 Pen-

172 3467 189 3492 “
214 3479 335 3533 semna,
352 3455 476 3520 fratres
500 3452 716 3526 dilectissimi,
745 3449 944 3535 mysterium
968 3446 1048 3509 anni
1072 3444 1237 3528 quinqua-

172 3568 189 3593 “
213 3559 341 3644 gesimi.
387 3557 508 3621 Annus
532 3555 620 3619 eninr
645 3549 940 3638 quinquagesimus
963 3567 1071 3610 annus
1089 3544 1237 3629 jubileus

172 3669 189 3694 “
215 3665 364 3726 vocatur.
412 3658 566 3723 Jubileus
598 3661 710 3720 autem
743 3673 852 3716 annus
883 3647 1086 3714 remissionis
1109 3646 1163 3709 vel
1186 3641 1260 3708 re?

172 3773 189 3798 “
215 3763 374 3827 missivus
416 3762 666 3845 interpretatur.
728 3755 819 3818 Anni
852 3775 930 3837 ergo
972 3747 1236 3836 quinquagesimi

173 3874 191 3900 “
216 3866 274 3950 qui
306 3887 327 3928 a
351 3863 504 3949 passione
536 3859 671 3947 gloriosi
695 3855 858 3940 Martyris
874 3868 990 3938 usque
1021 3851 1064 3915 arl
1094 3850 1236 3915 transla-

174 3977 191 4002 “
217 3968 343 4032 tionem
383 3965 531 4049 ejusdem
571 3959 774 4024 effluxerunt
812 3954 982 4040 mysteriis
1021 3957 1100 4016 sunt
1138 3951 1235 4036 ploni.

174 4082 191 4108 “
216 4069 313 4136 Sicut
344 4068 433 4133 enim
465 4067 501 4130 in
533 4065 604 4151 lege
636 4062 672 4125 in
703 4081 791 4124 anno
817 4057 955 4142 jubilare,
984 4055 1042 4140 qui
1073 4053 1236 4138 quinqua·

175 4181 192 4207 “
216 4172 363 4258 gesimus
386 4167 582 4240 habebatur,
598 4184 699 4227 onera
714 4160 828 4225 debita
851 4167 1093 4220 consueverunt
1114 4153 1237 4239 populo

174 4285 191 4310 “
216 4273 356 4347 remitti,
378 4272 425 4335 sie
448 4271 549 4335 etiam
574 4268 608 4330 in
631 4285 719 4329 anno
737 4262 866 4348 jubileo
889 4256 1117 4325 translationis
1132 4255 1236 4340 ipsius

175 4388 192 4414 “
217 4374 391 4460 Martyria,
407 4394 467 4458 per·
482 4367 708 4456 indulgentias
724 4364 933 4436 Pontificum,
949 4380 1050 4423 onera
1071 4357 1236 4442 perniten-

176 4490 192 4515 “
217 4479 306 4545 tium
341 4475 563 4540 remittuntur
575 4495 583 4550 ;
614 4469 702 4534 unde
725 4473 821 4552 pater
854 4462 1022 4527 Honorius
1049 4458 1177 4530 tertius,
1200 4455 1235 4517 in

643 4738 651 4772 ¹
668 4739 713 4800 sic,
723 4736 781 4789 MS.
