3350 5800
619 853 909 904 cumularemus.
1248 840 1290 901 63

232 1038 419 1117 annuatim,
446 1044 549 1125 prout
571 1039 606 1103 in
629 1038 828 1105 fundacione
852 1037 957 1124 ipsius
972 1038 1136 1115 cantaria
1154 1043 1192 1103 ut
1208 1058 1290 1123 prae·

232 1139 389 1219 mittitur,
421 1141 534 1208 firerat
568 1141 780 1223 ordinatum;
814 1162 874 1228 pro
907 1140 1028 1225 quibus
1060 1141 1131 1227 ipse
1155 1146 1190 1206 et
1224 1140 1289 1227 ipsi

232 1242 436 1331 destringere
483 1250 642 1332 poterunt
686 1245 775 1332 apud
816 1244 939 1321 Boura,
977 1265 1076 1330 super
1112 1244 1211 1309 terris
1249 1244 1290 1307 de

233 1343 312 1409 dote
359 1346 518 1432 primaria
563 1348 667 1435 ipsius
705 1347 871 1413 cantaris.
941 1345 986 1411 Et
1030 1346 1059 1411 si
1097 1346 1182 1411 forte
1218 1345 1292 1410 Ma·

234 1448 339 1532 gister
384 1448 578 1536 Hospitalis,
624 1450 682 1535 qui
738 1459 844 1516 terras
900 1447 991 1534 ipsas
1045 1448 1185 1520 tenebit,
1232 1469 1292 1534 pro

233 1548 459 1617 districtiones
481 1552 671 1636 hujusmodi
694 1550 840 1627 calcaria,
874 1555 936 1616 aut
966 1571 1025 1614 sex
1058 1550 1210 1615 denarios
1232 1571 1293 1635 pro

235 1652 369 1729 eisdem,
403 1659 538 1741 cogatur
569 1654 705 1729 solvere,
744 1653 887 1719 deducat
917 1653 988 1738 ipse
1012 1652 1172 1738 Magister
1204 1653 1293 1737 ipsos

234 1774 294 1817 sex
332 1755 484 1820 denarios
522 1756 562 1820 de
601 1755 691 1821 dicto
729 1754 862 1821 sallario
909 1754 1057 1839 ejusdem
1103 1753 1291 1819 sacerdotis.

237 1853 390 1934 Quilibet
412 1856 547 1943 insuper
568 1857 717 1922 sacerdos
740 1856 783 1921 ad
806 1856 930 1921 dictam
965 1855 1148 1920 cantariam
1171 1856 1293 1941 impos·

236 1962 346 2021 terum
370 1958 593 2037 assumendus,
610 1960 645 2023 iu
660 1959 873 2023 institutione
896 1979 956 2023 sua
977 1980 1036 2022 seu
1058 1957 1176 2022 saltem
1199 1963 1292 2022 ante-

237 2079 338 2142 quam
362 2060 561 2146 corporalem
584 2061 819 2147 possessionem
856 2060 927 2144 ejus
960 2064 1161 2144 assequetur,
1179 2059 1292 2145 jurare

236 2161 416 2241 tenebitur,
438 2162 481 2227 ad
504 2160 618 2245 sancta
641 2162 703 2227 Dei
729 2162 921 2247 Evangelia,
937 2160 1026 2247 quod
1047 2162 1146 2226 istam
1162 2161 1292 2226 ordina-

237 2263 375 2339 cionem,
397 2270 561 2349 quatenus
595 2265 638 2330 ad
673 2286 747 2329 eum
783 2263 950 2339 attinebit,
973 2268 1120 2329 cessante
1155 2263 1292 2349 impedi-

238 2374 353 2431 mento
376 2367 532 2454 legitimo
548 2368 643 2453 plene
667 2373 702 2433 et
717 2388 776 2453 per
791 2367 903 2432 omnia
918 2366 1109 2431 observabit
1122 2390 1130 2447 ;
1143 2366 1291 2451 alioquin

238 2470 284 2533 sit
306 2469 411 2555 ipsius
433 2471 588 2536 eantariae
612 2490 776 2556 possessor
810 2469 921 2533 miuus
954 2468 1130 2533 canonicus
1151 2486 1210 2533 sea
1242 2469 1292 2532 iu-

236 2570 365 2656 justus;
406 2594 466 2638 nec
497 2573 666 2638 tenebitur
700 2572 764 2637 sibi
802 2572 963 2658 Magister
994 2570 1076 2636 dicti
1109 2570 1293 2658 Hospitalis

239 2674 471 2761 quodcumque
504 2694 564 2759 pro
595 2674 688 2739 victu
721 2694 781 2740 auo
804 2674 930 2738 solvere
961 2672 1119 2739 dedicta
1155 2696 1292 2752 summa,

238 2797 410 2862 quousque
443 2797 551 2841 coram
585 2776 681 2841 nobis
713 2781 773 2841 aut
795 2776 918 2841 nostris
940 2776 1181 2842 successoribus
1204 2775 1288 2862 [vel]

237 2887 352 2947 nostro
374 2885 433 2947 aut
456 2902 568 2947 eorum
585 2878 817 2947 Commissario
840 2880 884 2946 ad
906 2878 969 2945 hoc
983 2878 1169 2965 specialiter
1191 2880 1292 2969 depu-

238 2988 318 3060 tat0‚
342 2982 519 3069 praefatum
543 2983 737 3069 praestiterit
764 2982 1004 3067 juramentum.
1050 2981 1291 3049 Possessionern

238 3092 351 3151 autem
374 3085 480 3172 ipsius
502 3085 659 3151 eantariee
682 3085 772 3150 dicto
802 3084 964 3150 sacerdoti
987 3105 1117 3170 semper
1139 3085 1228 3151 tradi
1259 3092 1294 3150 et

238 3185 398 3274 assignari
412 3185 573 3264 volumus,
585 3188 784 3252 auctoritate
803 3191 917 3251 nostra
932 3191 968 3250 et
983 3207 1203 3252 successorum
1218 3206 1292 3252 nos·

239 3293 375 3364 trorum,
391 3287 427 3352 in
451 3288 597 3352 interiori
616 3287 752 3373 Capella
771 3287 853 3353 dicti
869 3287 1066 3373 Hospitalis,
1081 3309 1141 3372 per
1155 3308 1293 3353 manua·

238 3391 305 3454 lem
320 3389 614 3476 apprehensionem
628 3389 731 3456 hostii
747 3411 805 3455 seu
817 3391 933 3454 altaris
948 3389 1106 3476 ejusdem,
1117 3395 1292 3476 postquam

238 3491 433 3579 praedictum
458 3491 652 3578 praestiterit
670 3491 909 3576 juramentum,
925 3491 966 3556 de
989 3512 1056 3576 qua
1078 3491 1291 3576 prrestacione

240 3599 399 3685 Magistro
423 3598 495 3676 loci,
517 3621 576 3686 per
597 3599 727 3664 litteras
749 3603 879 3664 nostras
902 3604 937 3663 et
966 3619 1187 3663 successorum
1218 3621 1287 3664 nos·

240 3707 366 3766 trorum
389 3705 449 3766 aut
471 3701 553 3766 alias
576 3700 855 3767 certitudinaliter
884 3701 1079 3777 innotescat,
1112 3707 1289 3788 antequam

240 3804 270 3869 ei
293 3801 514 3888 quidcumque
537 3807 691 3868 teneatur
713 3803 841 3868 solvere
875 3801 917 3866 de
950 3823 1080 3867 summa
1102 3811 1291 3872 memorata.

241 3906 282 3970 In
304 3905 398 3991 cujus
420 3905 467 3971 rei
490 3905 717 3973 testimonium
743 3905 891 3993 sigillum
908 3910 1059 3970 nostrum
1074 3906 1211 3973 fecimus
1226 3909 1291 3975 hiis

240 4009 369 4096 apponi.
416 4007 506 4074 Data
528 4010 617 4096 apud
643 4009 842 4098 Maghefeld,
873 4014 967 4074 sexto
992 4009 1152 4076 kalendas
1175 4011 1292 4080 Marcii

241 4132 327 4178 anno
359 4111 497 4178 Domini
529 4125 651 4178 n⁰ccc⁰
685 4112 889 4200 sexagesimo
922 4114 1073 4192 secundo,
1108 4121 1143 4180 et
1179 4123 1293 4185 nostra

240 4213 469 4280 translacionis
491 4212 748 4299 quartodecimo.

286 4312 449 4378 Omnibus
472 4311 605 4381 Sanctae
623 4314 742 4381 Matris
758 4316 913 4384 Ecclesiae
937 4315 1014 4381 tiliis
1036 4317 1080 4382 ad
1103 4340 1185 4404 quos
1207 4341 1291 4407 prae·
1304 4307 1453 4426 &m

243 4419 348 4480 sentes
371 4413 493 4479 litterae
516 4415 737 4502 pervenerint,
762 4417 925 4482 Robertus
948 4418 1161 4503 permissione
1177 4422 1293 4491 divina
1305 4443 1432 4508 abovehy

245 4515 336 4582 Prior
360 4515 515 4583 Ecclesiae
548 4516 674 4584 Christi
698 4518 948 4586 Cantuariensis
981 4526 1016 4585 et
1049 4520 1196 4605 ejusdem
1228 4508 1349 4594 locithe
1359 4507 1445 4572 ΟΜ·

246 4616 444 4704 Capitulum,
476 4619 619 4686 salutem
650 4621 687 4686 in
719 4619 860 4688 Christo.
916 4621 1061 4688 Litteras
1093 4627 1292 4695 venerabilis
1304 4573 1461 4707 merqu-

247 4722 346 4806 patris
370 4721 505 4787 Domini
529 4721 672 4790 Simonis
695 4723 759 4790 Dei
781 4724 892 4812 gratia
907 4722 1159 4792 Cantuariensis
1174 4728 1292 4796 Archi·
1325 4709 1439 4826 ‘iffi'
