3350 5800
626 878 813 949 serarum.
1175 863 1240 943 403

184 1071 287 1130 comiti
309 1072 442 1141 Kancioe,
468 1076 606 1131 salutem.
650 1075 824 1131 Mandatum
850 1073 969 1129 Domini
1000 1072 1090 1143 Regis
1120 1074 1152 1127 in
1177 1073 1362 1129 haecfltebleof

185 1156 276 1212 verba
291 1158 397 1229 recepi.
435 1158 628 1216 “Edwardus
650 1158 706 1215 Dei
724 1158 823 1229 gratia
844 1158 907 1213 Rex
918 1155 1048 1228 Angliae,
1062 1161 1117 1213 etc.
1130 1156 1240 1212 dilecto
1252 1124 1392 1225 ffliisns

185 1239 205 1266 “
223 1245 255 1295 et
266 1239 348 1297 fideli
366 1258 420 1298 suo
440 1242 597 1298 Edmnndo
619 1242 656 1298 de
668 1241 839 1306 Wodestok,
854 1240 940 1295 fratri
958 1243 1060 1296 nostro
1078 1240 1237 1305 carissimo,
1251 1226 1388 1321 ἓξῧῇξξ·

185 1323 204 1350 “
221 1322 358 1381 salutem.
393 1325 438 1381 De
462 1324 613 1381 fidelitatis
633 1329 741 1381 vestras
765 1325 933 1381 constantia
957 1325 1076 1395 plenam
1100 1323 1239 1379 fiduciam
1252 1327 1340 1420 &2310

186 1404 206 1431 “
224 1405 400 1477 optinentes,
415 1425 469 1479 pro
480 1409 624 1464 securiori
630 1407 762 1465 custodia
769 1414 800 1463 et
809 1407 1030 1463 conservatione
1039 1406 1118 1477 pecie
1131 1412 1240 1462 noetrae
1252 1377 1327 1495 dting'
1335 1388 1377 1470 ii}

186 1489 206 1515 “
225 1488 258 1544 in
287 1488 436 1546 Comitatn
465 1491 598 1557 Kanciae,
630 1508 681 1547 vos
712 1490 872 1547 Custodem
902 1488 1034 1559 ejusdem
1065 1490 1239 1552 Comitatus,
1252 1476 1409 1571 ξξζξέῃθξω·

186 1572 206 1599 “
226 1573 368 1642 quamdin
384 1574 469 1629 nobis
486 1574 640 1646 placuerit,
660 1574 868 1631 constituimus
889 1591 941 1646 per
960 1578 1138 1641 praesentem
1158 1572 1240 1629 vobis
1252 1539 1396 1637 chronicis

188 1655 208 1684 ‘⁴
227 1656 410 1722 mandantes,
436 1658 561 1718 firmiter
584 1656 776 1729 injungendo,
802 1656 880 1727 quod
910 1657 987 1712 circa
1018 1672 1147 1711 securam
1177 1672 1240 1709 cus·
1252 1639 1312 1722 ⁸1²8&
1313 1628 1379 1721 ¹in

187 1737 207 1764 ‘⁶
226 1738 337 1795 todism
359 1739 522 1797 Comitatus
543 1741 678 1812 praedicti
698 1758 816 1796 omnem
837 1738 1027 1811 diligentiam
1050 1756 1139 1810 quam
1160 1742 1241 1809 pote-
1254 1728 1295 1771 *¹¹⁰
1329 1729 1403 1821 :niis

189 1822 209 1847 “
228 1822 296 1877 ritis
307 1825 470 1893 apponatis,
483 1823 527 1879 ita
539 1824 619 1893 qnod
629 1825 713 1880 nobis
725 1830 778 1880 ant
796 1824 965 1881 hominibus
978 1823 1109 1894 partium
1122 1821 1241 1878 illarum
1254 1790 1377 1921 {affirm

189 1903 390 1976 “dampnum
413 1924 466 1962 sen
496 1908 660 1979 periculum
684 1925 744 1964 non
769 1908 886 1963 eveniat
915 1923 1031 1977 quoquo
1061 1905 1156 1962 modo.
1205 1904 1242 1960 Iu
1270 1880 1381 1973 ἇξξξῖἵο

191 1989 210 2014 “
230 1988 315 2059 cujus
328 1990 382 2055 rei,
397 1995 452 2045 etc.
490 1990 578 2045 'feste
589 1990 703 2061 meipso
721 1990 800 2061 apud
812 1991 979 2055 Devoriam‚
993 1989 1072 2060 xij
1085 1989 1132 2044 die
1145 1986 1230 2043 Junii
1254 1941 1337 2022 diens
1345 1980 1370 2022 ⁰¹

1232 2028 1240 2053 9

190 2072 210 2097 “
229 2087 305 2127 anno
324 2072 411 2141 regni
432 2074 525 2128 nostri
546 2071 806 2142 quarto-decimo.”
843 2070 947 2141 vQuare
965 2072 1048 2127 robis
1070 2071 1243 2127 mandamus
1254 2029 1412 2131 Ξιῗιειοῖἷῖιῗιὲῐ

190 2150 268 2221 qnod
290 2154 432 2221 Abbates,
453 2156 580 2221 Priores,
602 2156 741 2219 Berones,
765 2153 888 2220 Milites,
913 2154 1039 2224 Majores
1060 2160 1090 2209 et
1114 2152 1242 2208 Ballivos
1255 2129 1390 2223 ssgfflll„

190 2237 338 2304 villarum,
352 2240 443 2294 libere
456 2245 597 2303 tenentes,
611 2246 641 2294 et
653 2256 754 2294 omnes
773 2239 846 2293 alios
866 2239 902 2293 de
914 2237 1133 2294 Communitate
1146 2237 1241 2291 Corni-
1254 2231 1386 2322 00111111·ξο

190 2325 270 2377 tatus
282 2323 418 2394 predicti
440 2325 617 2393 praemunire
639 2322 764 2389 fecistis,
778 2323 857 2393 quod
877 2324 936 2378 sint
954 2338 1051 2377 coram
1070 2322 1153 2377 nobis
1165 2292 1411 2393 epudlllbmsddudiy

192 2406 390 2475 Oantuariam,
404 2408 452 2465 die
474 2410 494 2465 J
494 2411 558 2465 ovis
570 2410 702 2480 proximo
722 2410 832 2473 futuro,
846 2408 977 2464 audituri
996 2414 1027 2463 et
1046 2408 1152 2463 facturi
1166 2407 1243 2479 quod
1255 2381 1355 2482 iffi,

191 2490 234 2546 eis
247 2508 284 2546 ex
302 2495 387 2563 parte
406 2491 527 2547 Domini
545 2493 638 2565 Regis
657 2490 774 2564 plenius
796 2492 992 2563 injungemus.
1029 2492 1069 2547 Et
1087 2492 1142 2545 hoc
1161 2489 1244 2546 nullo

190 2576 276 2631 modo
300 2577 453 2633 omittatis.
497 2577 574 2633 Date
594 2578 672 2650 apud
694 2576 865 2643 Bononiam,
884 2576 974 2633 tertio
993 2575 1042 2631 die
1062 2575 1146 2642 Julii,
1167 2590 1245 2631 anno

192 2658 370 2731 supradicto,

192 2831 372 2888 63.-Bnrvr
389 2847 426 2886 on
444 2846 621 2887 mimenni
638 2847 726 2887 riori
744 2831 871 2887 Dorium
889 2832 1035 2887 Ieremia
1053 2830 1174 2885 Renes
1185 2830 1246 2887 Ar·
1294 2823 1381 2869 11011·

275 2928 347 2970 ems
364 2931 403 2970 sn
421 2913 558 2971 Oisrnoir
575 2932 613 2971 nr
632 2915 736 2981 Lenis,
755 2931 833 2971 iuno
853 2913 967 2970 Domui
985 2921 1160 2990 rr⁰cocxx1¹¹¹⁰.
1260 2964 1280 3010 1.
1288 2877 1367 3011 aff

228 3046 291 3101 Rex
313 3045 491 3101 Vicecomiti
512 3045 647 3112 Kanciae,
672 3045 805 3100 salutem.
856 3043 941 3111 (lum,
967 3061 1020 3116 pro
1045 3042 1245 3102 inobedientia
1259 3073 1347 3118 rth'

192 3133 223 3184 et
241 3133 412 3200 contemptu
435 3145 508 3200 quos
537 3129 629 3201 aliqui
654 3128 815 3184 familiares
843 3126 1044 3184 Bartholomei
1068 3128 1104 3183 de
1128 3123 1411 3218 B⁸d⁰l⁸'b⁰deu¹·lr⁸brh⁰

192 3229 283 3278 mere,
297 3218 328 3268 et
345 3213 398 3268 alii
410 3230 446 3268 ex
465 3213 529 3285 ejus
546 3216 704 3284 precepto,
718 3213 750 3268 in
769 3212 872 3269 Castro
890 3212 927 3267 de
940 3213 1032 3268 Ledes
1046 3211 1078 3267 in
1098 3213 1248 3270 comitatu
1261 3187 1417 3269 Kmritctske

195 3305 247 3352 tuo
278 3313 309 3351 ee
336 3301 481 3362 tenentes,
502 3295 638 3352 Ieabellae
663 3297 786 3367 Regina
815 3296 945 3368 Angliae,
976 3295 1111 3352 Oonsorti
1141 3303 1248 3352 nostrie
1261 3275 1417 3376 ffifflm

193 3381 366 3446 carissimae,
391 3381 533 3446 fecerunt,
547 3381 712 3452 ingressum
734 3379 870 3452 praedicti
889 3381 987 3437 castri
1006 3381 1156 3452 praedictae
1176 3382 1248 3438 Gon·
1261 3337 1381 3468 beneflc-

194 3465 268 3520 sorti
287 3469 395 3521 nostrie
416 3463 564 3534 negando,
579 3468 609 3518 et
630 3464 724 3535 ipsam
743 3464 900 3536 quominus
920 3464 1033 3519 dictum
1054 3462 1191 3520 Castrum
1204 3466 1248 3520 in·
1262 3437 1409 3520 'didonium

194 3546 280 3618 gredi
301 3547 399 3618 potuit
419 3547 450 3602 ri
470 3547 582 3602 armata
603 3546 797 3618 impediendo,
812 3546 890 3617 quod
910 3547 989 3602 idem
1013 3547 1245 3612 Bartholomeus,
1262 3526 1397 3619 fflffi'*

194 3649 248 3703 per
259 3631 372 3686 litteras
394 3648 461 3686 suas
481 3630 613 3701 praefatur
626 3631 762 3686 Consorti
782 3635 892 3685 nostres
904 3630 1092 3700 postmodum
1112 3629 1248 3697 directas,
1262 3625 1389 3686 1111111110

195 3733 231 3770 ex
243 3733 296 3770 sua
316 3714 440 3770 scientia
458 3714 550 3770 fnisse
563 3715 674 3769 factum
691 3713 846 3768 manifeste
864 3713 1044 3785 approbavit,
1061 3713 1112 3785 qui
1131 3713 1249 3785 quidem
1262 3675 1385 3779 bdiffsditid

195 3798 354 3853 familiares
366 3797 439 3852 dicti
451 3796 649 3852 Bartholomei
661 3802 763 3868 postea
779 3796 920 3867 quosdam
932 3795 1065 3851 homines
1082 3797 1118 3851 de
1137 3797 1250 3852 familia
1262 3776 1345 3872 Ῑᾶξέιῖζ,

194 3881 325 3952 ejusdem
337 3881 487 3938 consortis
505 3885 613 3936 nostrae
624 3881 760 3951 nequiter
771 3880 982 3935 interfecerunt
999 3880 1117 3946 ibidem,
1133 3887 1163 3937 st
1179 3881 1247 3947 alia,

195 3966 228 4021 in
252 3967 349 4022 nostri
369 3971 400 4020 et
420 3965 508 4020 dicte
521 3963 671 4021 Consortis
692 3970 800 4020 nostrae
824 3969 1025 4035 contemptum
1049 3969 1079 4020 ct
1100 3964 1251 4022 laesionsm

193 4048 274 4119 pacis
291 4053 400 4104 nostra
411 4048 607 4115 manifestam,
620 4045 822 4117 multipliciter
834 4051 1048 4118 perpetrarunt,
1062 4048 1252 4120 corrigendis,
1357 4047 1360 4052 ’

196 4136 285 4202 prout
307 4130 401 4196 decet,
424 4137 456 4186 et
480 4129 647 4201 puniendis,
664 4129 703 4185 ad
723 4129 857 4185 Castrum
884 4129 959 4185 illud
978 4147 1032 4186 nos
1050 4131 1250 4201 personaliter,

195 4232 336 4270 unacum
355 4214 471 4270 dilectis
489 4213 716 4283 consanguineis
728 4218 759 4267 ct
777 4212 913 4268 fidelibus
934 4213 1043 4269 nostris
1055 4212 1203 4271 Adomaro
1215 4215 1252 4269 de

194 4296 339 4356 Valencia
362 4297 555 4361 Pembrokiae,
576 4301 607 4352 et
631 4296 766 4352 Johanne
789 4295 826 4350 de
851 4295 1007 4352 Britannia
1030 4297 1252 4353 Richemnndiae

197 4381 370 4446 (fomitibus,
396 4383 427 4434 et
449 4378 583 4451 pluribus
607 4378 674 4434 aliis
699 4377 862 4435 comitibus
889 4383 920 4432 et
949 4379 1137 4449 magnatibus
1166 4378 1253 4450 regni
1341 4415 1342 4419 ,

196 4463 302 4530 nostri,
322 4463 483 4519 transferre
506 4479 719 4535 proponamus;
750 4461 807 4518 tibi
830 4461 1027 4534 praecipimus,
1053 4462 1178 4517 firmiter
1208 4462 1252 4516 in·

192 4547 363 4619 jungentes,
377 4546 466 4618 quod,
486 4546 518 4601 in
538 4545 665 4617 siugulis
686 4541 759 4602 locis
778 4545 810 4600 in
822 4545 944 4601 ballivia
964 4552 1026 4612 tua,
1046 4545 1098 4600 ubi
1116 4543 1253 4616 expedire

195 4631 314 4697 rideris,
337 4630 428 4687 facias
449 4648 486 4685 ex
508 4635 592 4702 parte
614 4634 718 4685 metra
740 4627 857 4700 publice
880 4627 1065 4701 proclamari,
1093 4627 1172 4698 quod
1194 4643 1254 4684 non

138 4753 142 4759 -
195 4731 286 4772 causa
304 4729 419 4784 guerra
438 4729 491 4770 seu
509 4710 731 4769 turbationisin
747 4727 841 4784 regno
860 4710 1010 4778 movendi,
1028 4710 1080 4768 sed
1092 4727 1147 4782 pro
1166 4709 1254 4766 dictis

191 4797 396 4856 inobedientia
417 4803 449 4856 et
471 4801 644 4870 contemptu
667 4801 699 4853 et
721 4794 789 4852 aliis
814 4793 982 4852 excessibus
1012 4793 1193 4865 corrigendis
1223 4799 1255 4849 et

1016 4879 1119 4944 oct
