3350 5800
552 838 843 889 usurusereusns.
1186 826 1229 887 43

166 1023 332 1091 communi
373 1025 557 1092 voluntate
593 1030 628 1092 et
671 1046 806 1091 assensu
844 1023 994 1091 omnium
1033 1028 1230 1101 nostrorum,

167 1124 270 1191 eidem
308 1128 591 1193 reverendissimo
637 1128 674 1191 in
712 1126 847 1192 Christo
890 1127 979 1212 patri
1017 1132 1052 1191 et
1095 1126 1230 1191 domino

166 1234 278 1292 nostro
332 1229 597 1316 Archiepiscopo
646 1228 825 1306 antedicto,
879 1228 1001 1293 devoto
1046 1228 1142 1293 corde
1194 1233 1230 1292 et

167 1332 276 1393 mente
299 1327 465 1412 jocunda,
489 1329 708 1405 concedimus,
731 1328 911 1413 pronubis
935 1333 969 1393 et
991 1327 1231 1393 successoribus

165 1429 295 1507 nostris,
313 1430 410 1514 quod
433 1431 501 1496 duo
524 1429 686 1506 monachi,
702 1428 829 1496 seilicet
848 1428 1002 1515 Magistri
1024 1428 1231 1493 infirmorum

166 1526 322 1595 Fcclesiae
359 1530 717 1608 suaeOentuariensis,
742 1529 904 1614 quisunt
936 1535 972 1595 et
994 1552 1054 1616 pro
1084 1535 1232 1616 tempore

166 1630 301 1709 fuerint,
341 1632 423 1719 ipsi,
465 1638 500 1698 et
540 1640 681 1718 uterque
717 1653 840 1709 eorum,
877 1632 987 1696 missis
1024 1632 1093 1697 suis
1130 1653 1232 1696 unam

163 1732 335 1799 collectam
372 1734 559 1820 specialem,
578 1734 715 1809 scilicet,
739 1733 825 1818 Roqc
857 1753 1060 1817 quoeaumuo
1081 1733 1232 1799 Domine

159 1830 349 1915 somuhvm
374 1841 490 1912 mcwm,
514 1841 571 1899 etc.
594 1833 744 1919 quolibet
758 1833 812 1897 dic
835 1832 995 1917 quamdiu
1017 1834 1054 1896 in
1075 1833 1138 1899 hcc
1160 1834 1234 1899 vita

166 1931 277 2011 fucrit,
302 1940 339 1999 ct
364 1956 444 2001 cum
467 1934 510 1999 ab
533 1935 594 2000 hac
617 1935 690 1999 luce
712 1934 908 2019 migraverit
937 1935 1119 2000 orationem
1141 1934 1233 1999 Deua

166 2035 230 2119 qut
251 2036 350 2103 tuter
368 2036 567 2123 apostolicos
579 2035 764 2101 sacerdotes
779 2034 966 2118 socculum
986 2042 1090 2100 tuum
1109 2035 1234 2102 Witlcl·

168 2156 278 2215 moon,
301 2144 362 2203 etc.
388 2138 575 2225 specialiter
597 2137 729 2216 dioent;
749 2135 814 2202 hoc
836 2130 939 2201 etiam
966 2136 1066 2202 faciet
1099 2138 1136 2201 in
1159 2138 1231 2203 vita

169 2236 241 2302 sua1
265 2243 302 2302 ct
325 2239 368 2303 in
390 2244 496 2305 morte
529 2238 671 2323 quilibet
693 2236 874 2303 monachus
904 2237 1056 2302 infirmus
1079 2238 1233 2305 Ecclesiae

170 2358 239 2403 suae
255 2338 515 2405 Cantueriensis
530 2340 560 2405 si
583 2341 757 2425 contingat
779 2360 844 2417 eos,
858 2360 917 2404 seu
930 2339 1076 2425 aliquem
1090 2340 1234 2418 illorum,

170 2438 309 2504 missam
359 2440 532 2518 celebrare,
570 2440 739 2527 perpetuis
776 2439 981 2525 temporibus
1027 2441 1232 2506 duraturum.

171 2540 278 2607 Item:
301 2542 461 2608 volumus
495 2548 530 2607 ct
561 2542 781 2619 concedimus,
812 2562 873 2627 pro
906 2542 1003 2607 nobis
1041 2548 1077 2606 et
1107 2564 1234 2609 succes·

172 2644 303 2711 auribus
337 2645 473 2723 nostris,
503 2645 591 2730 quod
625 2645 678 2710 die
711 2645 821 2709 obitus
855 2644 937 2709 dicti
969 2646 1233 2711 reverendissimi

126 2776 160 2827 J
173 2747 289 2831 patris,
304 2746 399 2811 ultra
420 2768 534 2811 omnes
549 2746 632 2812 alies
655 2747 821 2811 orationes
843 2752 879 2810 et
900 2746 1017 2810 missus
1039 2746 1235 2833 cuicumque

174 2846 312 2914 domino
337 2853 451 2915 nostro
473 2849 619 2914 Domino
642 2848 898 2934 Archiepiscopo
922 2846 1155 2915 cantuariensi
1178 2852 1236 2937 qui

176 2969 236 3034 pro
269 2955 423 3035 tempore
457 2949 559 3015 luerit
591 2950 628 3014 in
652 2949 798 3016 Ecclesia
822 2948 1056 3016 Cantucriensi
1087 2972 1110 3016 a
1141 2953 1237 3017 nobis

175 3049 323 3116 debitas²
339 3056 374 3115 et
396 3050 557 3116 hactenus
579 3055 761 3129 consuetas,
779 3050 867 3136 quod
889 3052 1033 3135 quilibet
1046 3054 1236 3130 monachus,

178 3155 212 3215 et
234 3151 399 3228 sacerdos,
423 3151 576 3218 Ecclesiae
593 3151 844 3218 Centuariensis
866 3173 926 3216 sex
941 3153 1058 3218 missas
1080 3155 1237 3239 speciales

178 3274 238 3339 pro
274 3254 390 3320 anima
419 3253 502 3317 dicti
533 3253 800 3319 reverendissimi
824 3253 930 3338 patris
954 3254 1116 3333 celebret3
1137 3259 1238 3323 ceteri

180 3354 339 3421 monachi
374 3353 541 3420 inferioris
573 3354 696 3440 gradus
727 3353 793 3418 duo
827 3354 997 3439 psalteria³
1020 3356 1133 3422 dicent
1159 3364 1239 3423 tunc

180 3455 310 3521 devote.
358 3455 502 3539 Insuper
524 3454 678 3520 volumus
702 3459 736 3518 ct
763 3454 979 3535 concedimus,
1005 3478 1065 3542 pro
1087 3459 1183 3523 nobis
1205 3467 1239 3524 et

180 3554 423 3623 successoribus
445 3555 568 3619 nostris
591 3554 847 3640 imperpetuum,
870 3557 959 3640 quod
982 3557 1121 3644 singulis
1143 3561 1240 3625 annis

182 3659 238 3723 die
261 3655 481 3723 anniversarii
498 3656 580 3721 dieti
603 3656 708 3742 patris
731 3655 792 3722 fiat
806 3657 984 3723 servicium
1006 3659 1057 3723 ita
1073 3659 1239 3747 solempne

183 3781 244 3845 pro
283 3780 334 3836 eo,
382 3779 457 3824 cum
496 3758 650 3823 omnibus
697 3757 876 3843 requisitis,
914 3759 1002 3824 sicut
1038 3781 1100 3846 pro
1145 3765 1240 3830 bonos

183 3860 351 3926 memorias
393 3859 539 3924 Roberto
578 3860 618 3925 de
661 3858 880 3944 Wynchelese
918 3861 1085 3944 quondam
1123 3865 1240 3932 Archi-

183 3963 337 4048 episcopo
371 3959 612 4036 Cantuariensi,
644 3960 825 4026 consuevit
872 3961 917 4024 Et
955 3961 1097 4046 quilibet
1139 3967 1240 4032 etiarn

183 4063 378 4139 monachus,
411 4061 571 4140 sacerdos,
603 4060 758 4127 Ecclesiae
783 4060 1033 4128 Centuariensis
1065 4065 1119 4131 dic
1145 4068 1240 4133 anni·

183 4163 323 4230 versarii
361 4163 413 4227 sui
452 4183 554 4227 unam
591 4162 726 4228 missam
766 4160 909 4226 celebret
916 4187 926 4240 3
959 4165 1059 4230 ceteri
1098 4169 1241 4253 psalmos

185 4265 299 4331 dicent
321 4263 575 4350 quinquaginta.
620 4262 786 4328 Praeterea
813 4263 1031 4342 concedimus,
1052 4287 1113 4352 pro
1144 4269 1241 4335 nobis

187 4373 221 4432 et
254 4365 496 4432 successoribus
534 4365 666 4441 nostris,
699 4363 805 4429 cidem
820 4449 823 4455 Ι
839 4366 1114 4433 reverendissimo
1153 4372 1239 4455 patri
1339 4430 1345 4440 ,

187 4489 288 4534 unam
327 4465 512 4533 cantariam
561 4470 764 4552 perpetuum,
802 4485 864 4550 pro
901 4487 944 4543 se,
991 4474 1027 4533 et
1063 4471 1243 4537 recolendae
