3350 5800
568 955 858 1003 cruruaarrusrs.
1174 942 1238 1008 307

184 1133 201 1157 ‘³
226 1126 311 1190 oniae
343 1127 511 1211 praedicta,
547 1128 669 1192 nedum
703 1127 746 1192 ad
778 1129 927 1212 ipsorum
961 1127 1172 1194 Praesideutis
1205 1137 1239 1193 et

183 1234 201 1260 “
226 1226 408 1293 Scolarium
442 1229 475 1292 in
513 1229 602 1293 dicto
625 1227 773 1313 Collegio
796 1250 856 1315 pro
879 1231 1035 1315 praesenti
1060 1236 1094 1295 et
1117 1231 1237 1318 impos-

184 1336 202 1362 “
225 1336 344 1406 terum,
376 1330 447 1396 Deo
485 1339 665 1407 aunuente,
697 1332 1010 1416 incorporandorum
1050 1334 1086 1396 in
1124 1333 1236 1399 eodem

183 1439 199 1464 “
226 1431 475 1509 incrementum,
494 1455 607 1520 rerum
627 1434 728 1496 etiam
744 1433 788 1496 ad
804 1432 953 1497 omnium
970 1439 1004 1498 et
1020 1435 1237 1520 singulorum,

183 1541 201 1566 “
224 1538 294 1596 tarn
318 1533 515 1598 secularium
549 1556 650 1618 quam
682 1532 882 1616 regularium
916 1535 1153 1620 cujuscumque
1185 1558 1236 1601 or·-

183 1644 199 1667 “
224 1633 321 1711 dinis,
338 1635 556 1720 undequaque
578 1636 659 1700 illuc
681 1636 845 1700 confluere
862 1657 920 1720 pro
936 1636 1062 1701 salubri
1086 1638 1237 1703 doctrina

184 1746 200 1768 “
224 1736 408 1802 volentium
432 1727 625 1802 utilitatem
642 1736 869 1820 multiplicem,
895 1743 929 1802 et
952 1760 1011 1824 pro
1034 1739 1237 1806 incremento

184 1847 200 1870 “
225 1839 408 1916 virtutum;
432 1839 481 1902 ita
512 1839 599 1922 quod
630 1860 742 1903 omues
775 1844 809 1903 et
843 1839 975 1925 singuli,
1006 1839 1128 1926 absque
1163 1865 1235 1928 per·

181 1947 200 1974 “
224 1960 378 2004 sonarum
423 1961 482 2005 seu
542 1941 716 2004 nationum
775 1939 894 2016 deletu,
954 1942 1031 2006 illuc
1085 1945 1236 2010 accedere

183 2048 201 2074 “
224 2040 382 2117 volentes,
431 2041 574 2105 lecturas
623 2040 782 2126 publicas,
820 2047 890 2105 taur
940 2043 976 2105 in
1020 2043 1236 2131 philosophiis

150 2144 155 2152 '
181 2151 200 2176 “
223 2143 340 2206 morali
364 2149 398 2207 et
412 2143 558 2208 naturali
581 2165 681 2228 quam
705 2143 741 2205 in
764 2165 858 2207 sacra
879 2143 1053 2230 theologia,
1070 2147 1105 2208 in
1121 2147 1234 2213 eodem

181 2252 199 2278 “
224 2243 371 2330 Collegio
393 2245 561 2330 perpetuis
583 2244 710 2309 futuris
733 2244 938 2330 temporibus
961 2247 1134 2331 oportunis
1158 2270 1235 2313 con·

182 2352 201 2380 “
225 2347 414 2422 tinuandas,
430 2346 532 2411 libere
555 2353 589 2411 et
612 2346 718 2432 gratis
741 2346 858 2410 audire
882 2348 1017 2412 valeant
1041 2358 1076 2414 et
1098 2352 1234 2436 possint,

182 2459 199 2484 ‘¹
222 2449 266 2512 ad
281 2449 423 2524 laudem,
437 2449 586 2535 gloriam,
603 2455 638 2512 et
660 2447 819 2514 honorem
845 2449 981 2513 Domini
1006 2453 1112 2516 nostri
1128 2452 1234 2520 dhesu

181 2560 198 2584 “
224 2549 358 2627 Christi,
382 2558 416 2615 et
439 2551 593 2615 Ecclesiae
615 2572 684 2616 suae
720 2551 853 2615 Sanctae
886 2553 1137 2631 exaltationem,
1160 2578 1235 2621 nec-

184 2660 200 2685 “
224 2673 291 2716 non
329 2653 431 2717 etiam
471 2653 626 2718 honorem
669 2652 880 2716 intemeratae
920 2653 1068 2740 Virginis
1118 2657 1235 2724 Matris

181 2761 200 2788 ·‘
224 2752 378 2836 ejusdem,
402 2753 532 2818 Sanctae
556 2753 670 2818 Mariae
693 2753 908 2840 Magdalenae,
933 2754 1047 2820 Sancti
1072 2755 1235 2823 dohannis

182 2863 199 2889 “
225 2855 393 2941 Baptistae,
416 2861 452 2921 et
473 2856 615 2921 aliorum
650 2854 859 2933 Sanctorum,
882 2876 990 2941 nuper
1013 2854 1170 2924 fundavit
1201 2865 1235 2925 et

183 2966 199 2991 “
223 2957 396 3022 stabilivit.
444 2955 510 3022 Sed
533 2958 612 3043 quia
634 2978 676 3019 ex
700 2963 795 3042 parte
818 2958 995 3022 eorundem
1021 2958 1235 3027 Presideutis

181 3069 198 3095 “
223 3067 258 3124 et
288 3060 473 3126 Scolarium
507 3058 604 3124 nobis
636 3065 830 3148 suggestum
871 3060 947 3137 fuit,
978 3062 1065 3147 quod
1097 3062 1234 3142 fructus,

182 3173 198 3199 “
222 3163 379 3237 redditus,
404 3170 438 3227 et
471 3167 662 3247 proventus,
686 3163 775 3227 dicto
800 3162 948 3251 Collegio
970 3165 1129 3251 assignati
1153 3168 1235 3233 adeo

180 3274 201 3303 ‘⁸
226 3270 340 3329 terruea
372 3271 451 3329 sunt
475 3270 509 3329 et
531 3266 644 3341 exiles,
666 3265 754 3350 quod
778 3266 822 3329 ad
853 3265 1096 3332 exhibitionem
1127 3270 1235 3336 dicto-

181 3378 198 3403 “
221 3390 295 3432 rum
318 3368 529 3433 Praeaidentis
544 3374 579 3433 et
602 3368 785 3434 Scolarium
810 3390 988 3454 eorumque
1011 3373 1235 3451 servientium,

181 3478 201 3505 “
224 3475 259 3535 et
281 3470 420 3534 aliorum
454 3491 590 3534 onerum
626 3471 734 3535 eidem
773 3470 921 3557 Collegio
959 3472 1233 3553 incumbentium,

181 3577 201 3608 “
223 3570 359 3634 minime
391 3569 569 3645 sufficiunt,
590 3570 656 3634 nisi
690 3570 825 3635 aliunde
859 3594 957 3657 super
989 3572 1050 3638 hoc
1082 3576 1234 3660 provide-

181 3682 198 3707 “
222 3678 317 3750 atur;
361 3677 396 3737 et
433 3673 521 3757 quod
559 3672 723 3758 hospitale
761 3673 831 3737 sive
869 3676 1017 3739 cantaria
1056 3677 1233 3742 Beatorum

180 3784 198 3811 “
222 3775 411 3860 Martyrum
435 3774 597 3861 Stephani
620 3780 655 3839 et
686 3775 821 3840 Thomas
856 3777 1021 3860 quondam
1057 3778 1232 3845 Oantuari-

182 3877 309 3941 “ensis
352 3875 608 3961 Archiepiscopi,
646 3876 734 3961 quod
774 3876 809 3939 in
847 3876 929 3941 villa
966 3878 1007 3943 de
1044 3879 1233 3961 Romenale,

181 3987 198 4013 “
221 3984 343 4044 nostrae
377 3976 626 4042 Oantuariensis
656 3977 815 4053 dioeceais,
837 3978 993 4057 situatur,
1016 3981 1052 4045 in
1074 4004 1140 4068 quo
1162 3986 1233 4051 sive

180 4091 199 4119 “
222 4104 288 4167 qua
311 4080 504 4172 praelibatus
526 4079 633 4145 frater
650 4085 762 4144 noster
778 4078 964 4147 Willelmus
980 4082 1232 4169 Wyntouiensis

151 4170 197 4219 '“
220 4183 401 4269 Episcopus
422 4181 557 4267 plenum
576 4180 633 4264 jus
655 4179 784 4246 obtinet
806 4187 1013 4266 patronatus,
1036 4185 1079 4249 ad
1102 4191 1231 4253 tantam

180 4284 355 4348 “devenit
388 4282 528 4358 ruinam,
551 4282 640 4367 quod
672 4304 714 4346 ex
747 4280 911 4347 fructibus
945 4290 980 4348 et
1014 4289 1232 4370 proventibus

178 4394 197 4423 “
220 4384 325 4471 ipsius
347 4404 494 4470 personae
516 4382 640 4447 ibidem
656 4382 852 4448 exhibendae
868 4406 905 4449 ac
921 4386 987 4449 alia
1002 4408 1102 4453 onera
1124 4389 1231 4455 eidem

178 4496 196 4523 “
216 4486 448 4561 incumbentia,
467 4482 569 4568 juxta
591 4482 792 4569 exigentiam
822 4485 1041 4551 ordinationis
1075 4487 1230 4571 ejusdem,

178 4597 197 4627 “
220 4588 285 4652 hiis
322 4587 438 4652 diebus
476 4584 663 4651 sustendari
702 4590 762 4649 aut
799 4584 950 4651 exhiberi
988 4595 1159 4673 nequeunt
1196 4602 1230 4657 et

179 4698 195 4725 “
218 4689 425 4776 supportari3
462 4686 601 4752 aedificia
634 4706 765 4771 quoque
803 4686 909 4772 ipsius
947 4686 1120 4772 hospitalis
1158 4692 1230 4759 sive

179 4798 196 4826 “
219 4789 375 4857 canturire
419 4788 606 4874 antiquitus
651 4792 841 4855 constructa
885 4787 1033 4865 fuerunt,
1072 4795 1107 4854 et
1151 4799 1248 4889 sunt¹

1027 4894 1096 4956 u2
