3350 5800
376 876 440 937 124
835 889 967 939 arruns

373 1066 513 1135 Comitis
538 1071 750 1149 Arundelliee,
766 1076 800 1135 et
823 1076 944 1149 nostro,
960 1071 1242 1158 Dominarumque
1257 1073 1279 1136 J
1280 1071 1420 1136 channae

374 1176 408 1235 et
453 1171 566 1238 Alisiae
605 1172 839 1239 Herfordensis
877 1179 911 1238 et
950 1173 1131 1239 Kancianae
1169 1173 1419 1239 Comitissarum

253 1292 256 1303 ·
372 1292 520 1337 sororum
544 1278 742 1351 nostrarum,
767 1296 804 1337 ac
838 1274 1033 1339 dilectorum
1055 1276 1093 1339 in
1123 1275 1255 1341 Christo
1277 1274 1420 1338 filiorum

372 1372 508 1439 Domini
540 1373 682 1440 Gilberti
713 1375 753 1439 de
778 1377 988 1463 Umfreyvile
1011 1378 1137 1441 domini
1161 1376 1202 1440 de
1226 1376 1345 1461 Kyme,
1367 1374 1421 1439 Si-

371 1475 478 1539 monis
511 1476 703 1563 Felbryggo,
742 1484 776 1543 et
810 1477 974 1542 Johannis
1011 1478 1154 1557 Pelham‚
1193 1477 1347 1553 militum,
1384 1480 1420 1539 et

371 1583 558 1643 consortum
591 1601 733 1657 suarum,
757 1600 885 1646 necnon
920 1580 1045 1645 Fratris
1078 1580 1241 1645 Johannis
1264 1579 1421 1644 Wodnes-

371 1681 475 1767 bergh
509 1681 631 1747 Prioris
663 1682 816 1749 Ecclesiae
854 1689 979 1749 nostrae
1010 1688 1133 1747 sanctae
1168 1682 1419 1749 Oantuariensis

371 1784 527 1861 moderni,
545 1784 624 1848 dum
640 1787 834 1871 superstites
857 1786 1026 1864 fuerimus,
1043 1807 1100 1850 seu
1122 1784 1244 1869 aliquis
1266 1790 1418 1850 nostrum

370 1892 535 1972 superstes
572 1886 691 1964 fuerit3
741 1887 861 1971 quibus
895 1887 1023 1952 duobus
1062 1886 1249 1973 Capellanis
1281 1887 1419 1950 tertium

372 1986 598 2073 Capellanum,
614 1989 650 2051 in
673 1988 819 2053 Ecclesia
842 1988 1015 2074 collegiata
1040 1988 1197 2052 Omnium
1221 1988 1418 2053 Sanctorum

370 2089 411 2153 de
451 2088 663 2175 Maydystom
703 2094 824 2155 nostra
862 2089 1022 2166 dioeoesis,
1060 2111 1119 2174 pro
1152 2090 1263 2154 anima
1294 2094 1417 2167 nostra,

369 2210 497 2255 necnon
532 2190 625 2255 bonae
664 2190 828 2255 memoria
866 2189 1001 2254 Domini
1033 2188 1191 2253 Willelmi
1230 2189 1418 2275 Oourteney

369 2313 475 2378 nuper
497 2291 742 2378 Archiepiscopi
759 2292 1018 2369 cantuariensis,
1042 2291 1287 2378 praedecessoris
1309 2292 1417 2357 nostri

369 2393 562 2473 immediati,
585 2415 624 2461 ae
647 2392 777 2460 Fratris
800 2393 934 2458 Thomas
951 2392 1160 2479 Ohyllenden
1174 2414 1281 2479 nuper
1295 2393 1417 2458 Prioris

370 2496 523 2563 Ecclesiae
562 2496 688 2563 Christi
724 2496 981 2573 (lantuariensia
1012 2501 1047 2561 et
1080 2517 1309 2577 successorum,
1343 2519 1418 2583 pro·

367 2598 631 2687 genitorumque,
655 2608 690 2663 et
721 2604 896 2685 parentum
925 2603 1121 2675 nostrorum,
1151 2619 1190 2663 ac
1221 2597 1416 2663 dilectorum

368 2701 510 2765 filiorum
533 2698 693 2765 Willelmi
715 2699 860 2787 Topclyf
877 2705 912 2764 et
934 2698 1134 2764 Elisabethae
1157 2700 1270 2764 uxoris
1292 2722 1367 2780 sua,
1382 2708 1418 2766 et

367 2802 530 2868 «lobannis
566 2802 723 2887 Topclyff
739 2802 801 2866 filii
825 2800 1012 2877 eorundem,
1035 2806 1070 2865 et
1100 2802 1247 2866 omnium
1270 2802 1415 2867 fidelium

368 2907 608 2982 defunctorum,
661 2904 835 2970 animabus
883 2905 1127 2990 imperpetuum
1176 2905 1415 2970 celebraturum

367 3007 596 3093 adjungimus;
619 3011 654 3070 et
670 3005 811 3070 eundem
833 3005 969 3070 tertium
988 3005 1205 3090 Capelianum
1220 3012 1415 3092 perpetuum

368 3109 474 3174 eidem
498 3108 641 3173 ecclesiae
673 3106 856 3193 collegiatae
892 3106 932 3171 de
957 3107 1170 3192 Maydyston,
1188 3107 1289 3192 juxta
1320 3111 1416 3175 nobis

365 3211 563 3275 attributam
604 3210 637 3272 in
676 3209 854 3294 praemissis
899 3214 1105 3294 potestatem,
1150 3211 1416 3296 incorporamus;

366 3313 499 3378 nomine
522 3309 615 3396 cujus
639 3309 808 3395 Capeliani
844 3331 904 3374 nos
926 3316 961 3374 et
983 3331 1182 3376 successores
1204 3312 1307 3376 nostri
1330 3313 1415 3380 Sede

367 3412 601 3480 Cantuariensi
624 3411 733 3496 plena,
767 3431 805 3476 ac
840 3411 933 3476 Prior
964 3417 999 3476 et
1037 3411 1230 3497 Capitulum
1264 3419 1414 3480 nostrum

368 3513 607 3581 Cantuan'ense
646 3517 680 3576 et
719 3531 918 3577 successores
962 3513 1016 3576 sui
1053 3514 1297 3599 imperpetuum
1329 3516 1414 3582 Sede

368 3617 492 3683 ibidem
515 3619 664 3692 vacante,
688 3635 747 3699 pro
782 3619 856 3678 rata
889 3615 1046 3699 temporis
1069 3615 1220 3700 portione
1242 3617 1415 3698 solvemus,

367 3725 401 3786 et
433 3719 564 3782 solvent
587 3737 645 3782 seu
679 3714 764 3780 solvi
799 3715 935 3793 facient,
958 3715 1119 3802 Magistro
1150 3717 1248 3782 dictae
1271 3719 1414 3788 ecclesias

365 3820 546 3905 collegiatae
569 3817 609 3882 de
635 3817 842 3904 Maydyston
857 3818 914 3902 qui
930 3839 990 3903 pro
1012 3824 1158 3904 tempore
1173 3819 1287 3897 fuerit,
1303 3822 1413 3889 decem

364 3941 491 3986 marcas
526 3923 657 3984 monete
680 3919 885 4006 Anglicanae,
908 3920 951 3984 ad
975 3925 1120 4005 quatuor
1152 3923 1231 3986 anni
1256 3927 1413 3992 terminos

363 4022 569 4110 principales,
595 4020 635 4086 de
666 4022 885 4107 proventibus
916 4027 951 4085 et
982 4022 1236 4088 obventionibus
1270 4027 1413 4094 ecclesiae

363 4124 558 4212 parochialis
575 4125 615 4188 de
641 4123 840 4200 Northllete,
855 4130 1042 4190 nostrarum
1058 4125 1245 4192 collationis
1261 4135 1295 4192 et
1312 4131 1413 4216 juris-

363 4228 517 4292 dictionis
562 4225 768 4290 immediatae.
831 4225 874 4290 In
912 4247 977 4311 quo
1015 4228 1147 4311 quidem
1182 4229 1324 4294 oratorio
1355 4253 1413 4296 seu

364 4330 511 4394 cantaria
544 4333 658 4393 nostra
692 4326 854 4412 praedicta
884 4333 1030 4392 nostram
1053 4333 1093 4392 ut
1115 4329 1327 4414 subsequitur
1348 4333 1413 4397 ele-

363 4431 472 4516 gimus
495 4427 709 4514 sepulturam.
767 4427 910 4492 Tenores
933 4448 1011 4491 vero
1034 4436 1069 4492 et
1092 4429 1235 4494 licentiae
1257 4432 1356 4516 regiae
1378 4438 1413 4498 et

363 4531 550 4595 litterarum
573 4527 836 4615 apostolicarum,
859 4549 941 4613 quas
964 4529 1193 4614 praemisimus,
1216 4538 1412 4616 sequuntur,

193 4617 349 4698 Thffinff‘
362 4637 396 4696 et
419 4635 498 4697 sunt
522 4629 612 4696 tales.
659 4629 853 4696 “Henricus
868 4631 931 4694 Dei
954 4631 1062 4716 gratia
1080 4630 1152 4694 Rex
1169 4630 1328 4717 Angla?
1351 4640 1412 4699 etc.

193 4688 288 4737 lrcenca

192 4755 292 4808 recited.
