3350 5800
596 854 890 905 circummissus.
1228 842 1272 913 37

216 1045 287 1110 said
304 1044 444 1119 Oburch
459 1050 496 1109 at
522 1045 579 1109 thc
606 1050 748 1129 nequest,
764 1044 923 1120 instance,
938 1066 976 1109 or
1001 1046 1269 1110 commandment

216 1147 255 1211 of
264 1168 331 1229 you
346 1167 384 1210 or
398 1147 437 1210 of
446 1166 532 1230 your
560 1144 669 1219 heirs3
695 1146 758 1210 but
784 1146 861 1210 that
884 1146 975 1231 they,
990 1147 1056 1211 and
1085 1148 1171 1211 their
1195 1170 1268 1214 suc-

216 1268 346 1323 cessore,
361 1248 429 1311 and
445 1245 534 1311 their
557 1246 629 1311 said
647 1246 789 1323 Ohurch,
803 1247 887 1311 from
908 1247 1113 1325 henceforth,
1130 1270 1208 1335 may
1224 1250 1266 1313 be

216 1348 340 1433 utterly
357 1350 430 1433 quit
454 1347 520 1412 and
547 1347 757 1433 perpetually
774 1347 969 1433 discharged
998 1348 1085 1413 from
1111 1348 1168 1413 the
1193 1351 1266 1415 said

215 1450 377 1535 pensions
389 1450 560 1526 corrodies‚
568 1449 635 1513 and
647 1450 900 1526 maintenances,
911 1451 978 1514 and
990 1450 1075 1515 from
1085 1451 1130 1515 all
1146 1450 1266 1531 others,

216 1550 252 1614 in
266 1550 507 1615 consideration
522 1550 560 1616 of
570 1571 659 1615 some
674 1550 843 1615 moderate
858 1551 924 1614 fine
940 1556 975 1616 to
990 1550 1031 1615 be
1046 1552 1167 1617 settled
1183 1554 1266 1617 with

214 1674 301 1736 your
328 1655 414 1716 most
438 1651 571 1716 learned
596 1650 747 1729 eounsel;
770 1672 836 1735 any
854 1651 954 1736 right,
971 1653 1163 1733 possession,
1180 1655 1265 1732 title,

213 1776 251 1818 or
274 1759 453 1837 patronage
478 1752 516 1816 of
539 1752 595 1817 the
620 1752 692 1816 said
717 1750 859 1828 Ohnrch,
877 1752 1046 1835 (claimed)
1073 1753 1119 1838 by
1137 1775 1204 1839 you
1229 1778 1268 1820 or

214 1876 300 1940 your
324 1852 519 1917 forefathers
546 1853 726 1929 aforetime,
742 1852 1068 1938 notwithstanding3
1091 1854 1142 1919 for
1167 1855 1266 1921 God’s

214 1954 294 2019 sake
311 1953 378 2019 and
393 1954 429 2017 in
444 1952 503 2018 the
519 1974 596 2039 way
611 1953 647 2019 of
661 1953 801 2039 charity.

981 2170 1255 2182 ——-—-

213 2337 283 2402 lens
321 2337 501 2402 Ecclesiam
546 2337 650 2422 ipsius
689 2336 939 2422 Archiepiscopi
985 2336 1187 2421 praedictam,
1226 2357 1266 2401 ac

212 2438 359 2503 Priorem
393 2444 428 2503 et
460 2438 670 2503 Conveniam
703 2438 827 2503 ibidem
861 2438 1009 2524 graciose
1040 2438 1156 2503 favore
1189 2459 1265 2523 pro-

211 2535 317 2625 sequi,¹
347 2546 381 2605 et
418 2540 654 2624 indempnitati
692 2539 872 2603 eorundem
910 2538 1094 2624 providere,
1133 2559 1264 2603 conces·

213 2641 318 2718 sisset,
351 2661 411 2724 pro
445 2660 479 2704 se
513 2644 548 2704 et
584 2638 772 2704 haeredibus
804 2640 882 2719 suis,
913 2640 1003 2725 quod
1040 2639 1264 2705 concessiones

214 2761 273 2827 per
295 2741 440 2804 Priorem
475 2744 509 2804 ct
536 2738 750 2805 Conventum
782 2738 845 2804 loci
877 2737 1036 2823 praedicti,
1060 2758 1119 2803 seu
1151 2760 1264 2803 eorum

212 2841 475 2929 praedecessores,
498 2840 539 2906 de
562 2840 731 2927 aliquibus
753 2840 979 2926 pensionibus,
1009 2839 1180 2919 corrodiis,
1203 2849 1265 2906 aut

214 2941 523 3018 sustentationibus,
546 2943 586 3006 dc
613 2941 711 3007 domo
734 2942 895 3028 praedicta
924 2962 1132 3026 quocumque
1164 2944 1262 3007 modo

214 3044 440 3130 percipiendis,
465 3043 507 3108 ad
542 3048 678 3129 rogatus
700 3043 950 3128 progenitorum
981 3042 1087 3127 ipsius
1110 3043 1167 3107 avi
1189 3064 1264 3108 nos·

214 3148 258 3210 tri
281 3150 341 3211 aut
374 3167 460 3220 suos,
483 3165 551 3208 non
585 3144 797 3208 traherentur
830 3145 866 3206 in
899 3143 1173 3208 consuetudinem
1206 3165 1264 3207 seu

214 3247 492 3330 consequenciam,
525 3266 587 3310 nec
620 3244 798 3309 eorundem
832 3244 961 3308 Prioris
993 3250 1028 3307 et
1060 3242 1265 3320 Conventus,

214 3353 273 3414 aut
305 3366 526 3412 successorum
560 3366 703 3422 suorum,
737 3367 793 3410 scu
833 3345 952 3409 domus
989 3365 1059 3409 suae
1096 3345 1264 3429 praedicte,

213 3455 337 3514 extunc
369 3447 525 3514 cederent
560 3446 595 3509 in
638 3446 870 3532 praejudicium
903 3446 1015 3530 aliquo
1053 3446 1162 3524 modo,
1201 3469 1263 3513 nec

213 3552 302 3637 quod
336 3551 436 3614 iidem
469 3549 564 3613 Prior
596 3552 632 3614 et
654 3548 850 3614 Conventus
884 3555 946 3614 aut
977 3569 1178 3613 successores
1212 3550 1264 3612 sui

213 3654 257 3718 ad
287 3649 478 3736 hujusmodi
512 3649 696 3734 pensiones,
720 3650 878 3726 corrodia,
901 3671 959 3714 seu
992 3649 1264 3727 sustentaciones,

213 3754 254 3819 de
299 3752 396 3817 domo
441 3771 500 3814 sua
544 3748 705 3835 praedicta
750 3749 970 3834 percipienda,
1008 3749 1184 3832 aliquibus,
1221 3751 1264 3814 ad

214 3859 348 3941 rogatus
390 3851 537 3937 ejusdem
576 3851 633 3914 avi
679 3849 785 3914 nostri
825 3849 879 3914 vel
915 3848 1085 3914 haeredum
1118 3871 1263 3928 suorum,

217 3961 333 4022 contra
354 3952 563 4016 voluntatem
587 3971 682 4014 suam
708 3949 932 4015 concedendas
954 3971 1012 4014 seu
1036 3951 1265 4027 inveniendas,

212 4061 337 4122 extunc
370 4053 643 4166 compellerentur
674 4072 731 4116 seu
765 4056 976 4129 tenerentur;
1010 4051 1103 4116 salvo
1134 4073 1262 4138 semper

208 4159 285 4244 jure
306 4156 412 4242 ipsius
434 4155 488 4218 avi
513 4157 589 4217 nost
590 4175 619 4216 ιι
610 4151 723 4237 cuod
746 4153 809 4217 sibi
834 4152 1030 4237 competiit
1021 4174 1057 4215 m
1081 4151 1143 4218 hac
1157 4159 1261 4239 parte,

212 4262 312 4344 prout
343 4256 379 4320 in
412 4253 577 4318 litteris
569 4252 674 4338 ipsius
712 4253 766 4316 avi
805 4253 910 4317 nostri
949 4251 1144 4336 patentibus
1182 4254 1261 4319 inde

212 4358 369 4426 confectis
400 4356 531 4442 plenius
564 4356 760 4419 continetur.
816 4353 1072 4438 Subsequenter,
1102 4375 1170 4420 non
1203 4357 1260 4420 ob-

211 4465 321 4525 stante
344 4457 433 4523 dicta
468 4456 674 4521 concessione
706 4455 810 4540 ipsius
831 4455 888 4518 avi
910 4455 1017 4518 nostri
1041 4455 1081 4519 de
1109 4455 1260 4541 indemp

210 4562 317 4630 nitate
351 4557 552 4643 hujusmodi,
575 4555 757 4621 Nicholaus
781 4554 891 4620 Waitc
924 4555 1111 4630 defunctus,
1143 4562 1177 4619 et
1201 4555 1258 4620 Jo·
1337 4599 1342 4604 -

209 4664 335 4729 hannes
359 4661 451 4726 Kent
472 4659 581 4725 adhuc
604 4663 781 4744 superstes,
797 4657 979 4723 successive
995 4657 1038 4721 ad
1061 4657 1257 4742 praedictum

210 4763 393 4836 mrrodium
428 4760 685 4829 sustentecionis
717 4759 816 4826 unius
848 4757 1000 4834 hominis,
1033 4764 1068 4824 et
1089 4757 1259 4824 lohannes
