3350 5800
408 975 416 989 ⁶
527 907 812 961 consummem
1043 922 1047 927 ·
1146 890 1189 955 9³

142 1091 300 1179 Anglicos
331 1092 643 1177 quomodocumque,
674 1096 708 1155 et
741 1088 808 1155 alis
841 1108 1053 1175 quascumque
1095 1087 1190 1154 nobis

144 1192 284 1278 ingestu

194 1296 250 1359 Ad
287 1301 421 1381 pactum
467 1293 709 1381 acceptavimus
751 1306 787 1358 et
822 1292 1025 1357 reddidimus
1067 1291 1189 1356 nostris

148 1396 279 1461 civibus
300 1402 353 1462 tot
373 1397 461 1461 bonu
492 1397 532 1462 de
554 1395 766 1483 Anglicorum
787 1395 882 1460 bonis
904 1394 1082 1471 crreststis,
1105 1400 1187 1478 quot

150 1498 328 1563 valuerunt
357 1498 456 1575 bonu,
478 1497 675 1583 competenti
708 1496 781 1563 foro
813 1502 954 1573 tantum,
977 1518 1051 1581 quae
1083 1496 1188 1560 nostri

150 1600 247 1677 cives,
269 1602 305 1665 in
339 1600 428 1666 dicto
464 1602 570 1675 modo,
592 1600 628 1664 in
660 1599 749 1665 dictu
771 1600 849 1663 novi
878 1598 1060 1685 Vlemyngh
1076 1598 1191 1663 omise-

150 1709 249 1779 runt3
282 1702 446 1767 residuum
482 1701 642 1767 bonorum
664 1702 875 1789 Anglicorum
909 1701 1081 1766 divisimus
1113 1702 1194 1786 ipsis

152 1804 312 1890 Anglicis,
334 1810 434 1890 prout
448 1803 582 1889 ipsimet
595 1804 765 1888 optabunt,
779 1809 913 1889 propter
927 1802 1016 1889 pocis
1030 1802 1194 1878 unionem,

152 1928 253 1992 qumn
275 1928 402 1993 semper
433 1927 507 1971 cum
529 1906 679 1991 Anglicis
700 1926 830 1969 servare
852 1910 972 1969 nostroe
996 1904 1065 1970 fuit
1086 1906 1194 1969 inten-

151 2009 275 2086 cionis3
306 2009 443 2073 retentis
465 2014 577 2072 tumen
598 2007 694 2071 nobis
723 2006 962 2071 monicionibus
985 2007 1194 2091 quibuscum·

151 2131 216 2195 que
238 2110 498 2197 competentibus
520 2113 634 2174 contra
656 2108 778 2175 dictum
800 2117 919 2172 terrum
945 2108 1083 2195 Angliae,
1097 2116 1196 2193 prout

151 2233 260 2296 supro

199 2314 293 2378 Item.
326 2313 523 2390 innotescat,
536 2319 710 2398 postquem
726 2313 836 2377 omniu
850 2318 885 2376 et
899 2312 1030 2398 singula
1045 2311 1197 2399 dampna,

152 2416 385 2503 comprehensa
423 2416 458 2478 in
494 2414 559 2479 aliu
596 2421 709 2480 nostro
745 2414 917 2500 scripturo,
950 2436 1009 2479 nos
1041 2428 1076 2479 et
1109 2416 1197 2479 cives

152 2519 262 2583 nostri
284 2517 505 2583 sustinuimus
528 2517 570 2581 sb
592 2515 750 2601 Anglicis,
772 2517 869 2581 sicuti
899 2516 943 2580 ibi
969 2517 1140 2593 scribitur;
1164 2528 1198 2582 et

154 2643 197 2684 ex
219 2643 286 2705 quo
318 2621 355 2683 in
386 2619 460 2684 aliis
494 2618 686 2683 civitatibus
709 2619 796 2682 bona
818 2618 1042 2703 Anglioorum,
1067 2628 1199 2705 propter

154 2721 340 2786 consimilia
361 2720 504 2806 dampno
517 2720 598 2806 ipsis
612 2719 709 2796 fucta,
724 2720 989 2797 urrestsbuntur3
1013 2742 1072 2784 nos
1096 2721 1197 2785 eciam

154 2846 243 2889 anno
281 2824 449 2910 praeterito
486 2824 639 2887 arrestari
684 2823 822 2889 fecimus
859 2822 945 2887 bons
983 2824 1198 2911 Anglicorum

156 2949 231 3012 quae
252 2927 387 2991 fuerunt
419 2927 455 2989 in
477 2924 610 2991 civitate
644 2930 764 3003 nostra,
787 2924 892 2990 solum
930 2949 970 2992 ea
1006 2927 1200 3006 intencione,

156 3029 245 3115 quod
268 3033 379 3114 posset
411 3027 475 3092 isto
507 3028 603 3093 modo
627 3027 739 3094 venire
760 3027 805 3092 cd
825 3029 980 3095 noticiam
1006 3031 1202 3116 principum,

155 3131 375 3207 dominomm,
406 3133 441 3194 et
472 3129 632 3214 majorum
663 3130 699 3195 in
736 3129 867 3217 Anglis,
899 3131 957 3216 qui
988 3131 1129 3198 forsitan
1161 3133 1202 3198 de

154 3254 234 3318 pure
268 3254 306 3296 eo
339 3231 443 3316 magis
464 3230 688 3308 sollicitarent,
711 3231 782 3296 Deo
805 3238 839 3296 et
867 3231 1005 3318 justicio
1028 3233 1194 3321 inspiran-

154 3333 255 3410 tibus,
278 3333 320 3398 de
343 3352 484 3418 congruo
505 3331 649 3397 remedio
669 3333 844 3419 provisuri.

201 3435 246 3499 Et
283 3455 381 3519 super
412 3432 486 3498 istis
518 3433 613 3499 bonis
635 3440 685 3499 est
716 3436 868 3520 quaedam
900 3436 1016 3502 ceduls
1039 3437 1202 3510 interciso,

158 3557 218 3600 seu
241 3540 334 3600 carto
363 3533 488 3619 pertita
519 3535 556 3597 in
588 3539 656 3598 tres
686 3541 803 3620 portes.
844 3535 954 3600 Unum
970 3535 1095 3603 hubent
1118 3561 1202 3604 mer-

158 3643 284 3703 catores
306 3633 448 3719 Anglici,
464 3635 582 3720 quibus
605 3642 768 3701 arrestata
789 3637 877 3702 bone
900 3637 1036 3704 fuerunt
1048 3661 1056 3716 ;
1079 3645 1113 3704 et
1136 3663 1203 3704 uno

157 3761 235 3825 pers
272 3743 323 3802 est
354 3737 442 3823 opud
472 3758 533 3802 nos
558 3739 595 3802 in
627 3739 781 3816 consili03
813 3747 848 3803 et
882 3741 984 3806 tercio
1010 3763 1087 3827 pars
1109 3743 1200 3829 apud

158 3848 288 3906 nostros
317 3839 468 3904 concives
499 3839 762 3926 dampnspassos
830 3841 872 3904 In
905 3863 981 3908 cusu
1016 3866 1082 3929 quo
1114 3845 1203 3910 fecte

158 3943 260 4007 fuerit
275 3941 363 4006 bono
377 3940 547 4026 expedicio
569 3943 725 4027 utrinque
747 3943 788 4006 de
810 3943 918 4008 causis
933 3945 1146 4030 Anglicorum
1171 3955 1204 4013 et

160 4045 291 4121 nostrie,
316 4042 357 4106 de
390 4041 538 4127 praeistis
571 4045 740 4107 arrestatis
765 4043 862 4108 bonis
884 4044 983 4111 debet
1007 4049 1076 4112 fieri
1104 4050 1206 4114 rocio·

162 4146 282 4211 nobilis
305 4145 394 4208 bons
417 4143 546 4221 decisio,
569 4145 745 4230 responsio,
776 4149 977 4232 composicio
1000 4149 1107 4216 forma
1141 4175 1207 4238 qua

156 4247 256 4313 fuerit
286 4247 377 4333 pacis
410 4266 468 4330 spe
501 4245 636 4311 meliori.
696 4248 738 4311 In
772 4247 872 4333 hujus
902 4251 949 4315 rei
981 4252 1206 4318 testimonium

159 4356 323 4415 secretum
384 4353 536 4411 nostrum
582 4350 801 4433 praesentibus
839 4358 889 4415 est
926 4351 1070 4430 affixum,
1110 4357 1208 4420 Anno

160 4451 296 4517 Domini
320 4450 457 4525 uosvis,
479 4448 560 4515 feris
581 4451 723 4516 secunda
737 4457 812 4536 post
828 4452 984 4518 Omnium
1003 4456 1208 4523 Sanctorum.
