3350 5800
563 841 856 899 csnrnamansrs
1175 833 1240 899 153

169 1039 354 1119 sequentes
399 1035 495 1102 nobis
531 1033 749 1101 effectualiter
787 1033 902 1098 velitis
938 1031 1133 1109 satisfacere,
1171 1039 1241 1097 tam

170 1134 317 1222 benigne
343 1142 382 1202 et
405 1135 634 1203 favorabiliter
657 1136 697 1201 de
712 1135 876 1200 solutione
892 1133 1130 1219 arreragiomm
1154 1133 1241 1219 ipso·

171 1259 246 1301 rum
295 1239 476 1304 vobiscum
513 1237 683 1314 faciemus
730 1239 820 1323 quod
866 1237 959 1302 eritis
997 1235 1144 1301 contenti
1182 1257 1242 1322 per

172 1339 286 1404 omnia
327 1344 366 1403 et
406 1338 535 1425 placati.
594 1338 631 1403 Si
671 1359 749 1404 vero
787 1339 824 1403 in
862 1337 1025 1402 solutione
1063 1338 1240 1401 eorundem

171 1441 424 1527 arreragiorum
469 1442 513 1507 ad
573 1441 753 1506 terminum
808 1440 991 1505 limitatum
1036 1439 1242 1526 negligentes

171 1542 309 1609 fueritis
334 1550 373 1610 et
396 1544 533 1622 remissi,
558 1549 674 1610 contra
688 1565 747 1607 vos
769 1547 804 1608 et
829 1541 1068 1607 Mouasterium
1093 1547 1240 1606 vestrum

168 1645 226 1731 jus
249 1652 410 1712 nostrum
434 1646 599 1732 prosequi,
622 1645 727 1710 modis
751 1645 873 1730 quibus
895 1643 1015 1709 scimus
1037 1649 1097 1708 aut
1119 1644 1242 1730 poteri-

174 1769 256 1826 mus,
281 1749 494 1814 intendimus
526 1770 601 1814 cum
624 1748 751 1813 effectu.
798 1748 946 1832 Insuper,
970 1746 1059 1832 quod
1093 1747 1242 1812 dolentes

175 1849 365 1930 referimus,
398 1850 499 1916 datur
521 1849 617 1914 nobis
642 1848 826 1934 intelligere
853 1848 960 1912 relatu
984 1848 1238 1934 fidediguorum,

175 1950 264 2035 quod
288 1951 503 2038 negligenter
517 1951 626 2036 agitis,
643 1955 677 2014 et
699 1970 766 2014 non
782 1949 966 2014 observatis
989 1949 1182 2034 obsequium
1205 1951 1242 2014 in

176 2050 317 2137 Capella
344 2053 461 2118 Sancti
478 2051 656 2128 Brandani,
675 2051 777 2137 juxta
800 2050 1024 2115 ordinationes
1040 2057 1074 2115 et
1097 2072 1240 2116 conven-

176 2152 286 2219 tiones
309 2153 404 2218 inter
435 2174 496 2218 nos
517 2152 706 2237 antiquitus
735 2152 869 2217 habitas
903 2157 938 2217 et
964 2157 1157 2230 contractas,
1180 2175 1241 2218 nec

108 2279 112 2286 ·
175 2253 334 2320 officiatis
367 2276 427 2320 nec
460 2254 635 2319 deservitis
668 2253 843 2320 animabus
865 2276 925 2340 pro
959 2255 1080 2338 quibus
1103 2255 1240 2342 obligati

177 2361 211 2421 et
234 2357 378 2422 obnoxii
401 2357 488 2434 estis,
512 2357 584 2420 vice
606 2360 729 2431 nostra,
745 2377 900 2430 exorare3
925 2377 1026 2440 quare
1048 2377 1107 2420 vos
1129 2355 1239 2421 horta·

177 2478 253 2520 mur
285 2465 324 2524 et
358 2457 560 2544 requirimus
583 2458 617 2521 in
645 2457 789 2522 Domino
813 2456 989 2522 Salvatore
1024 2457 1119 2542 quod,
1139 2457 1241 2543 juxta

178 2564 331 2626 tenorem
372 2561 583 2644 antiquarum
622 2558 880 2624 conventionum
914 2565 949 2623 et
987 2558 1063 2624 fidei
1093 2563 1241 2647 antiquae

179 2663 403 2746 repromissae,
425 2660 554 2726 faciatis
578 2661 614 2724 in
637 2659 750 2724 eadem
769 2658 905 2746 Capella
928 2660 1042 2726 Sancti
1070 2662 1241 2727 Brandani

179 2761 337 2828 divinum
377 2762 520 2828 officium
558 2768 593 2827 at
631 2760 825 2846 obsequium
864 2762 1053 2843 observari3
1091 2763 1240 2848 alioquin

179 2861 368 2951 intelligere
410 2863 538 2930 debetis
577 2885 635 2952 pro
673 2863 851 2941 constanti,
891 2863 980 2949 quod
1018 2864 1241 2930 omnimodam

180 2965 393 3052 diligentiam
428 2964 587 3030 adbibere
620 2964 809 3031 curabimus
848 2969 888 3029 ut
919 2987 958 3029 ea
992 2988 1066 3051 quae
1103 2988 1124 3030 a
1146 2966 1242 3031 nobis

181 3071 216 3131 et
239 3068 388 3133 Ecclesia
419 3072 532 3133 nostra
564 3088 603 3133 ea
626 3067 667 3132 de
698 3088 797 3132 causa
830 3066 1016 3151 antiquitus
1040 3068 1241 3146 obtinuistis,

182 3174 215 3233 et
238 3169 340 3236 hodio
363 3169 530 3245 obtinetis,
553 3169 597 3233 ad
619 3167 792 3254 antiquam
825 3169 1063 3255 possessionem
1086 3170 1242 3248 revocari,

181 3276 215 3336 et
237 3296 260 3337 a
284 3272 380 3337 vobis
403 3272 528 3337 auferri
545 3271 801 3357 procurabimus,
821 3269 924 3355 juxta
939 3293 1039 3356 posse.
1086 3273 1241 3337 Vestrum

182 3372 430 3459 beneplacitum
479 3378 513 3438 et
552 3370 797 3437 excusationem
838 3372 880 3435 de
924 3373 1102 3457 praemissis
1145 3374 1241 3439 nobis

182 3476 360 3539 rescribere
383 3480 419 3539 et
441 3474 609 3539 insinuare
632 3472 754 3548 velitis,
776 3492 834 3557 per
857 3475 1072 3559 praesentium
1102 3476 1241 3560 portito-

182 3598 260 3643 rem.
309 3578 426 3643 Valete
448 3578 484 3641 in
507 3576 651 3641 Domino
667 3574 849 3639 Salvatore.
898 3575 1029 3663 Scripta
1051 3577 1242 3643 Cantuariae

183 3678 381 3744 festinanter
404 3678 496 3764 xijmo
519 3678 571 3743 die
595 3678 717 3742 mansis
740 3677 872 3763 Aprilis.

559 3802 688 3867 Vestrae
704 3801 928 3866 fratcrnitatis
951 3802 1130 3868 benevolus

522 3902 709 3968 Willelmus
733 3902 879 3969 Molasch
902 3902 996 3968 Prior
1018 3904 1171 3973 Ecclesiae

611 4005 739 4071 Christi
762 4003 1016 4071 Cantuariensis

188 4296 451 4367 lotz-Omra
475 4296 517 4359 H.
541 4311 672 4369 eornm
696 4311 868 4361 concussa
891 4297 1051 4363 Jonanrn
1067 4298 1239 4367 Wonnvs-
1299 4333 1371 4380 noa

365 4413 483 4462 annon
499 4397 623 4462 Parum
640 4414 706 4462 rao
722 4397 915 4463 Tvurunna
938 4415 977 4463 ru
993 4400 1174 4467 Hrnnnnni
1192 4420 1240 4469 an
1254 4413 1281 4464 s.
1296 4416 1376 4463 naa.

362 4513 552 4563 ranununr
575 4514 666 4563 vnn
689 4515 773 4566 sun.
1253 4526 1383 4587 sempr.

229 4640 395 4705 Henricus
419 4638 483 4703 Dei
518 4638 628 4725 gratia
660 4638 733 4703 Rex
768 4639 907 4725 Angliae,
930 4644 991 4706 etc.
1014 4642 1166 4707 omnibus
1197 4644 1240 4707 ad
1253 4590 1408 4707 dededlaer.

184 4766 267 4838 quos
290 4745 467 4835 praesentes
502 4742 624 4810 littarae
647 4740 868 4833 pervenerint,
892 4742 1041 4811 salutem.
1088 4744 1238 4836 Inspexi·
1252 4721 1411 4843 gssfffilffi
