3350 5800
665 876 854 927 manners.
1212 868 1276 934 375

225 1073 345 1131 Ordinis
369 1075 473 1131 Sancti
499 1073 661 1142 Benedicti,
689 1074 908 1131 cantuariensis
935 1075 1079 1143 dioecesis,
1099 1078 1224 1132 salutem
1250 1080 1281 1131 et
1297 1068 1452 1162 fflssffissl·

223 1158 413 1227 apostolicam
441 1157 684 1214 benedictionem.
720 1158 795 1213 Cum
819 1160 851 1212 in
869 1159 1038 1231 Apostolica
1057 1160 1132 1215 Sede
1150 1159 1282 1231 posuerit
1297 1170 1430 1229 nornlinbl-

224 1241 368 1295 Dominus
395 1240 585 1296 ecclesiarum
610 1239 742 1295 omnium
767 1239 975 1312 principatum,
994 1247 1024 1297 et
1042 1244 1079 1297 ab
1105 1242 1178 1313 ipsa,
1198 1244 1280 1297 velut
1296 1220 1435 1315 ξῖἒξθᾎοςῗῆῃ

224 1341 242 1377 a
271 1323 367 1394 capite
396 1324 537 1390 membra,
569 1340 587 1377 a
616 1324 697 1378 fonte
726 1322 825 1389 rivuli,
858 1340 876 1377 n
905 1325 966 1379 sole
995 1325 1071 1380 redii
1101 1326 1279 1397 principium
1296 1324 1430 1366 eeclesimti-

223 1407 364 1477 accipisse
394 1414 560 1474 noscantur,
593 1406 670 1462 nulli
699 1405 905 1477 prejudicium
935 1408 1093 1479 irrogatur,
1126 1410 1152 1465 si
1190 1428 1278 1480 quem
1297 1376 1451 1476 bilfidbiims

224 1490 345 1561 speciali
374 1491 532 1562 privilegio
560 1489 723 1545 decreverit
750 1491 902 1556 honorare,
930 1493 1094 1563 presertim
1132 1512 1199 1548 cnm
1229 1511 1279 1548 eos
1297 1474 1452 1577 ffi‘sspffl

224 1591 285 1628 suoe
313 1574 523 1630 munificentiae
550 1574 688 1645 largitate
712 1574 908 1645 prosequitur,
929 1576 980 1645 qni
1007 1576 1202 1648 hospitalitati
1230 1594 1278 1632 va.
1295 1576 1446 1627 irlrturougn

225 1662 335 1723 cantes,
362 1664 392 1712 et
425 1676 478 1729 pro
515 1656 728 1713 sustentatione
753 1657 792 1711 ad
816 1656 896 1727 ipsos
923 1656 1037 1729 jugiter
1068 1660 1278 1715 confluentium
1296 1626 1443 1721 fflveelrstlepru

224 1740 327 1808 ΨΜ
344 1740 523 1797 sustinentes
541 1758 630 1797 onera
654 1758 857 1813 θῑρθυεαπιω,
878 1743 1037 1797 creduntur
1055 1762 1112 1798 non
1131 1743 1278 1798 immerito
1295 1730 1426 1830 ξζξῇἳξξέξο

224 1824 281 1879 sibi
299 1825 492 1895 apostolicum
516 1842 684 1897 comparare
702 1826 842 1880 savorem.
881 1825 955 1881 Cum
974 1826 1076 1895 igitur,
1094 1828 1171 1882 sicut
1198 1844 1278 1881 acee-
1296 1831 1363 1893 tnelr
1390 1879 1400 1921 P

225 1908 332 1978 pimus,
360 1908 397 1963 ob
430 1909 462 1963 id
488 1908 566 1979 quod
591 1908 804 1963 Monasterium
829 1914 961 1964 vestrum
985 1910 1017 1963 in
1044 1908 1163 1979 Anglim
1191 1916 1278 1979 portu
1294 1882 1385 1934 dmm
1403 1878 1421 1930 )“

225 1990 369 2058 consistit,
389 2010 448 2046 non
466 1993 560 2047 solum
573 1991 678 2062 legetis
696 1996 726 2046 et
744 1992 859 2047 nunciis
871 1992 1049 2063 Apostolicae
1069 1992 1164 2058 Sedis,
1176 2012 1278 2049 verum

226 2073 316 2130 etiam
334 2074 400 2129 aliis
418 2074 451 2129 in
467 2074 580 2145 Anglia
603 2074 782 2130 intrantibus
800 2081 832 2130 et
850 2075 1023 2132 exeuntibus
1042 2077 1079 2133 ab
1106 2076 1279 2134 eadem=vos

225 2165 361 2229 oporteat
385 2160 470 2229 quasi
500 2156 614 2229 jugiter
640 2157 850 2231 hospitalitatis
876 2160 1013 2216 exhibere
1045 2160 1150 2216 solatia
1175 2166 1205 2216 et
1230 2179 1280 2216 ne·

226 2241 353 2298 cessaria
384 2240 562 2307 ministrare,
591 2247 622 2297 et
646 2242 791 2308 nonnulli,
816 2248 878 2297 tam
904 2242 1053 2299 Ordinarii
1076 2262 1165 2315 quam
1189 2244 1279 2298 etiam

226 2327 347 2383 Judices
377 2345 395 2381 a
436 2326 511 2382 Sede
533 2325 704 2396 Apostolica
729 2325 867 2396 delegati,
898 2326 1056 2397 aliquando
1084 2328 1280 2383 excommuni-

227 2408 349 2465 cationis
374 2426 428 2464 seu
454 2410 660 2480 suspensionis,
688 2410 855 2479 aliquando,
889 2408 1040 2465 interdicti
1065 2410 1225 2465 sententias
1251 2408 1282 2463 in

226 2511 278 2548 vos
295 2499 326 2547 et
344 2492 504 2548 Ecclesiam
522 2498 661 2557 vestram,
675 2493 738 2547 sine
756 2510 844 2548 causa
858 2491 1037 2560 rationabili,
1050 2495 1280 2563 promulgantes,

226 2576 356 2633 salubria
366 2576 428 2632 otia
445 2576 553 2647 quictis
571 2582 678 2631 vcstrae
696 2577 878 2645 perturbent,
893 2582 922 2632 ct
940 2583 1048 2631 vexent
1064 2595 1116 2632 vos
1134 2577 1281 2633 laboribus

227 2665 258 2715 et
282 2658 434 2731 expensis3
470 2676 532 2724 nos,
562 2657 770 2730 indempnitati
803 2660 895 2715 vestri
922 2658 1098 2715 Monasterii
1131 2661 1282 2714 consulere

226 2742 440 2814 cupientesque
459 2742 524 2812 quis
542 2741 715 2797 Ordinurins
739 2760 791 2797 seu
809 2743 969 2812 Delegatns
987 2760 1005 2798 n
1023 2742 1098 2797 Sede
1115 2740 1284 2812 Apostolica

227 2824 545 2890 excommunicationis,
573 2824 781 2898 suspensionis,
805 2825 853 2880 vel
878 2824 1030 2879 interdicti
1060 2826 1230 2889 sententias,
1251 2824 1283 2878 in
1313 2844 1314 2849 ¹

228 2927 279 2965 vos
296 2910 343 2965 vel
362 2907 574 2966 Monasterium
593 2916 733 2974 restrum,
754 2910 863 2979 absque
890 2907 1048 2963 manifesta
1066 2912 1096 2962 et
1113 2907 1282 2965 rationabili

227 3009 316 3048 causa
340 2993 470 3064 proferre
497 2992 612 3056 audeat,
632 2990 807 3047 anctoritate
834 2991 1026 3062 presentium
1052 2987 1230 3054 inhibemus,
1249 2996 1281 3045 et

227 3094 277 3132 eas
294 3076 456 3132 sententias
473 3075 605 3146 prolatas
632 3075 816 3131 decernimus
835 3073 1003 3129 irritandas.
1041 3073 1125 3127 Nulli
1143 3091 1213 3143 ergo
1231 3073 1282 3128 ho·

229 3159 343 3214 minum
368 3159 466 3225 liceat,
487 3165 540 3214 etc.
589 3157 689 3228 Siquis
715 3165 814 3214 autern
840 3158 895 3213 hoc
921 3160 1096 3227 attemptare
1122 3173 1282 3227 praesump-

227 3240 308 3306 serit,
338 3248 393 3296 etc.
430 3242 541 3296 Datum
559 3240 708 3307 Laterani,
735 3243 775 3295 4ιο
792 3241 943 3296 Kalendas
960 3239 1073 3306 Martii,
1095 3240 1283 3308 pontificatus

227 3326 320 3382 nostri
337 3343 414 3382 auno
432 3325 573 3396 septimo„

227 3634 432 3692 st-mrnns
451 3635 580 3692 Bonnam
598 3634 818 3691 Ancumrrsoom
836 3651 959 3690 rursum
977 3649 1064 3691 suras
1081 3649 1265 3692 rnorussronn
1333 3627 1422 3723 ¹333}

522 3717 733 3773 Mosrcaonmr
751 3719 986 3774 Dovoaaansinu.
1300 3754 1418 3804 man,

1298 3828 1443 3882 Archbishop

265 3893 422 3956 liebertus,
442 3895 498 3946 etc.
518 3888 624 3945 dilecto
642 3889 703 3945 filio
721 3889 817 3944 Priori
835 3888 1007 3945 Monasterii
1035 3888 1135 3946 Sancti
1159 3889 1282 3946 Martini
1298 3876 1448 3982 fflffiffi

226 3977 377 4042 Dovorrae,
389 3980 497 4029 nostra)
515 3973 659 4039 dioecesis,
673 3975 808 4040 salutem,
829 3979 883 4030 etc.
923 3973 997 4044 Quia
1015 3975 1052 4029 ud
1071 3975 1283 4030 Monasterium
1299 3981 1438 4050 Priorogsu

227 4059 401 4130 predictum
420 4075 472 4128 pro
490 4057 718 4127 professionibus
729 4058 938 4112 monachornm
950 4057 1071 4113 minime
1087 4059 1284 4128 professorum
1300 4031 1406 4125 ffl‘ffl,
1419 4036 1445 4076 ω

226 4143 344 4208 ibidem,
364 4146 400 4196 ut
417 4141 554 4196 convenit
571 4145 601 4196 et
618 4147 707 4212 prout
725 4141 862 4213 expedire
880 4142 1084 4213 conspicimus,
1097 4141 1284 4213 recipiendis,
1300 4133 1440 4226 gffffigss

226 4228 296 4283 lioet
327 4226 358 4281 id
375 4225 503 4280 corditer
532 4225 712 4291 affectamus,
740 4233 861 4297 propter
888 4227 1091 4296 occupationes
1123 4226 1218 4280 varias
1243 4226 1281 4279 ad
1300 4233 1428 4292 montena

227 4326 357 4382 praesens
377 4309 524 4364 declinare
542 4326 601 4364 non
620 4326 792 4381 possumus,
818 4308 883 4364 ideo
902 4326 990 4379 super
1001 4309 1057 4364 hoc
1075 4307 1281 4363 discretionem
1300 4283 1425 4387 {mum

227 4399 309 4448 tuam
333 4393 486 4462 eligentes,
505 4386 544 4446 ad
560 4391 771 4462 recipiendum,
785 4392 841 4445 hac
860 4393 933 4458 viee,
947 4391 1142 4462 professiones
1155 4390 1283 4485 quinque
1299 4385 1456 4488 {gggmffigffl

228 4476 435 4532 monachorum
452 4494 512 4531 non
530 4476 728 4546 professorum
753 4475 808 4530 tibi
827 4476 955 4546 gratiose
974 4472 1186 4529 committimus
1205 4490 1283 4528 moes
1299 4485 1439 4538 perrormlng

227 4567 351 4616 nostras.
387 4561 424 4615 In
443 4561 536 4631 eujus,
557 4565 611 4614 etc.
649 4560 726 4614 Data
743 4559 822 4629 apud
846 4559 1002 4622 Lamheth,
1023 4557 1125 4612 Idibus
1138 4557 1281 4621 Octobris,
1299 4537 1400 4580 ‘hm'

228 4662 305 4700 anno
322 4645 443 4700 Domini
461 4652 558 4699 u⁰occ⁰
572 4644 685 4714 quinto.
