3350 5800
619 921 909 969 ranrumuansas,
1230 906 1293 968 249

237 1106 366 1182 (lamec,
399 1107 566 1171 Ornacbiis
589 1107 755 1171 Fumouro
788 1108 822 1169 in
853 1109 963 1171 insula
994 1108 1035 1170 dc
1060 1108 1234 1182 Baunewc‚
1258 1115 1292 1172 ct

236 1208 366 1272 duabus
390 1209 506 1273 insulis
530 1210 570 1273 de
595 1208 733 1287 Salteis3
756 1231 793 1273 ac
816 1210 917 1273 etiam
941 1216 1138 1295 patronatus
1161 1216 1196 1275 et
1218 1232 1292 1295 pcr-

237 1316 373 1375 sonatus
389 1312 598 1375 ecclesiarum
618 1317 653 1376 et
669 1312 869 1397 capellarum
893 1312 933 1375 de
951 1312 1109 1386 Kilrnore‚
1126 1312 1291 1387 Kilturch,

237 1410 431 1498 Thamagre,
449 1412 629 1488 Kilcowan,
650 1414 825 1488 Bannewe,
836 1413 981 1501 Killagg,
998 1414 1126 1489 Correo,
1143 1421 1178 1478 et
1193 1414 1278 1479 Oma

236 1515 318 1579 chiis
349 1515 390 1578 de
414 1515 588 1591 Fumoura
613 1516 647 1578 in
673 1515 835 1579 Hibernia
866 1516 1044 1600 praerlicta3
1077 1517 1176 1581 etad
1210 1537 1292 1600 prae·

236 1616 434 1680 sentandum
475 1617 517 1679 ad
549 1617 680 1681 easdem
723 1617 875 1682 ecclesias
907 1624 941 1682 et
972 1617 1114 1703 capellas
1157 1618 1291 1682 idoneas

236 1740 392 1803 personas
415 1740 488 1781 oum
514 1721 708 1785 vacaverint
734 1726 794 1785 aut
816 1721 930 1805 aliqua
962 1742 1076 1783 earum
1101 1719 1291 1785 vacaverit.l

237 1822 280 1885 Et
310 1822 446 1906 insuper
477 1822 626 1906 praedicti
652 1822 746 1885 Prior
777 1828 811 1887 εὴ
835 1820 1029 1908 Capitulum
1061 1829 1292 1888 concesserunt

237 1946 295 2009 per
326 1930 514 2009 praesentes
539 1926 627 2010 quod
658 1926 807 2011 praedieti
834 1925 989 2002 Jacobus,
1015 1924 1136 2001 David,
1163 1932 1198 1991 et
1225 1926 1289 1990 Ro·

237 2027 352 2091 bertus
375 2026 477 2091 libero
508 2027 694 2112 percipiant
724 2028 923 2113 pacificeque
955 2028 1146 2113 possideant
1177 2051 1290 2093 omnes

237 2129 375 2203 fructus
407 2136 596 2214 proventus
620 2130 846 2206 obventiones,
871 2128 934 2215 [et]
969 2130 1153 2195 oblationes
1184 2133 1292 2196 omni-

238 2252 294 2296 um
318 2232 527 2297 ecelesiarum
552 2238 586 2297 εὴ
601 2234 801 2318 capellarum
827 2232 1072 2317 praedictarum,
1088 2255 1126 2297 ac
1142 2235 1289 2299 omnium

237 2334 447 2398 ecclesiarum
479 2339 513 2398 et
543 2334 742 2419 capellarum
783 2334 923 2397 aliarum
956 2334 991 2397 in
1024 2334 1188 2399 Hibernia
1218 2357 1292 2421 quaa

238 2436 280 2500 od
304 2456 358 2499 eos
382 2442 530 2521 tempore
561 2434 776 2500 confectionis
800 2436 1015 2519 praesentium
1039 2436 1081 2500 de
1107 2439 1185 2521 jure
1216 2458 1291 2523 per·

238 2540 324 2604 tinet
362 2543 422 2602 aut
460 2538 624 2623 pertinere
663 2537 842 2601 deberent:
884 2537 1037 2601 habenda
1076 2543 1110 2602 et
1148 2541 1293 2603 tenenda

238 2641 349 2705 omnia
394 2641 552 2726 praedicta
598 2647 702 2705 terras
749 2645 782 2703 et
821 2645 1020 2714 tenemento,
1059 2642 1292 2705 advocationes

239 2743 446 2808 ecclesiarum
471 2748 505 2807 et
535 2742 744 2826 capellarum,
769 2741 929 2815 redditus,
952 2748 987 2805 et
1010 2744 1156 2817 servitia,
1180 2749 1291 2828 patro-

239 2849 346 2920 natus
378 2849 581 2929 personatus
613 2848 647 2908 et
677 2843 719 2907 ad
760 2843 1028 2928 praesentandum
1059 2845 1101 2908 ad
1141 2845 1292 2910 ecclesias

240 2954 273 3014 et
296 2946 437 3032 capellas
461 2947 635 3030 praedictas
650 2967 724 3010 cum
749 2947 951 3020 vacaverint,
967 2968 1005 3010 ac
1028 2947 1129 3010 etiam
1153 2946 1292 3024 fructus,

239 3055 430 3135 proventus
453 3048 678 3123 obventiones,
704 3048 765 3131 [et]
789 3047 975 3111 oblationes
1008 3049 1157 3112 omnium
1191 3050 1291 3114 eccle-

240 3151 361 3214 siarum
378 3157 413 3214 et
428 3150 628 3235 capellarum
645 3149 878 3234 praedictarum
895 3170 969 3212 cum
986 3150 1055 3212 suis
1071 3151 1292 3235 pertinentiis,

240 3260 276 3319 et
298 3259 407 3319 cetera
428 3253 606 3338 praemissa,
629 3251 777 3338 praefatis
793 3251 927 3327 Jacobo,
943 3251 1063 3327 David,
1087 3260 1121 3316 et
1139 3253 1293 3331 Roberto‚

241 3355 472 3420 executoribus
495 3361 529 3419 et
552 3354 729 3442 assignatis
752 3353 829 3429 suia,
853 3376 874 3417 a
896 3354 949 3418 dic
972 3354 1187 3419 confectionis
1210 3378 1294 3441 prae-

241 3459 385 3522 sentium
417 3479 521 3542 usque
552 3457 595 3520 ad
627 3457 727 3520 finem
760 3456 894 3519 termini
926 3457 1101 3543 sexaginta
1131 3478 1293 3521 annorum

242 3566 322 3625 tunc
345 3560 495 3646 proxime
527 3559 735 3644 sequentium
760 3565 793 3622 et
824 3558 970 3643 plenarie
1001 3559 1292 3643 complendorum:

242 3660 409 3725 reddendo
440 3659 516 3722 inde
548 3657 698 3743 praefatis
722 3659 828 3722 Priori
861 3664 895 3723 et
919 3657 1075 3743 Capitulo
1106 3664 1140 3723 et
1170 3682 1294 3725 succes-

242 3763 371 3828 soribus
394 3761 472 3836 suis,
495 3768 553 3825 aut
577 3781 637 3823 suo
659 3765 748 3824 certo
771 3765 951 3834 attornato,
968 3760 1002 3823 in
1019 3759 1165 3825 Ecclesia
1180 3761 1296 3827 Sancti

243 3865 340 3930 Pauli
364 3863 522 3928 Civitatis
553 3862 732 3926 Londoniaa
764 3862 948 3937 annuatim,
979 3862 1121 3927 durante
1152 3864 1296 3929 termino

243 3967 410 4052 praedicto,
432 3986 491 4029 sex
521 3964 624 4028 libras
654 3963 770 4050 legalis
800 3969 943 4028 monetae
966 3964 1106 4051 Angliae,
1137 3966 1180 4030 ad
1210 3966 1297 4031 festa

244 4068 445 4133 Nativitatis
468 4073 503 4132 et
526 4065 771 4130 Purificationis
797 4065 909 4130 Beatae
933 4065 1049 4132 Mariae
1066 4067 1214 4156 Virginis
1237 4091 1297 4155 per

243 4171 386 4256 aquales
408 4169 577 4254 portiones
608 4167 791 4236 solvendas.
838 4167 883 4232 Et
906 4167 934 4230 si
957 4168 1131 4256 contingat
1161 4172 1298 4255 praedic-

244 4279 296 4338 tas
327 4294 386 4336 sex
417 4271 519 4334 libras
550 4271 661 4355 aliquo
693 4291 782 4333 anno
805 4292 826 4332 a
848 4275 938 4333 retro
969 4270 1040 4334 fore
1072 4292 1138 4335 non
1171 4275 1297 4338 solutas

244 4377 279 4439 in
303 4379 398 4460 parte
423 4374 475 4437 vcl
508 4373 543 4435 in
574 4377 654 4447 toto,
678 4370 753 4436 etc.²
798 4372 840 4435 Et
873 4379 1035 4457 praeterca
1065 4375 1215 4458 praedicti
1238 4377 1298 4440 Ja-

243 4479 353 4552 cobus,
378 4475 497 4550 David,
522 4480 556 4539 ct
579 4475 744 4538 Robertus
772 4481 805 4537 et
837 4475 995 4560 assignati
1028 4475 1079 4538 sui
1111 4476 1233 4541 sacient
1264 4486 1298 4542 et

248 4629 389 4638 ---——·-—

280 4703 462 4759 ¹aamoeriat,
473 4701 528 4750 MS.
796 4700 827 4750 ol
853 4691 970 4749 distraint
992 4701 1043 4750 and
1062 4707 1176 4768 re-eutry
1202 4710 1229 4753 to
1253 4705 1297 4761 tho

280 4784 289 4816 ²
308 4783 377 4833 llere
389 4781 486 4830 follows
499 4797 514 4828 a
532 4781 594 4842 long
613 4779 699 4827 clauso
718 4778 744 4827 iu
797 4780 898 4830 lcssors.

248 4866 290 4922 thr
304 4877 419 4912 common
440 4861 512 4916 surm,
524 4857 611 4922 giving
631 4875 645 4906 n
664 4873 746 4922 power
