3350 5800
551 864 841 917 caurusruuusns.
1178 842 1220 901 45

167 1050 251 1115 simo
288 1066 373 1119 oct*
396 1052 608 1138 nonagesimo
640 1049 767 1136 quinto,
789 1066 878 1113 enno
899 1065 979 1109 vero
1010 1040 1104 1129 regni
1127 1039 1228 1126 Regis

165 1149 302 1218 Rieurdi
327 1153 475 1222 seeundi
498 1152 627 1239 Angliae
649 1151 871 1217 decimonono.

169 1430 409 1497 ess-corn
449 1429 580 1495 Bunun
628 1429 766 1493 Doursr
807 1426 992 1490 Bounacu
1034 1432 1082 1487 nri
1126 1436 1226 1498 Quare
1257 1410 1365 1527 ’513511

258 1548 488 1607 rnnoursrvrr
513 1529 679 1595 Douruus
705 1528 756 1593 W.
784 1526 1000 1593 &uersum
1027 1524 1227 1591 esurum-

261 1650 365 1697 nusrs
392 1634 703 1705 Ancnrnrrseorue
718 1646 783 1694 ruo
808 1643 1036 1694 ruunscrour
1060 1625 1226 1692 cotanen
1239 1608 1349 1661 ΜΗ·

262 1733 418 1799 Onnuuu
445 1732 656 1799 Seuerounu
683 1748 730 1795 nn
755 1730 978 1795 Msrursruu.

214 1897 412 1963 Bonifatius
449 1918 563 1961 servus
600 1916 768 1960 servorum
806 1894 880 1969 Dei,
913 1892 1093 1957 venerabili
1130 1888 1354 1965 frutrissusseof

170 1996 349 2063 Willelmo
372 1997 628 2082 Aruhiepiseopo
649 1994 890 2069 cantuariensi,
907 1993 1059 2068 salutern,
1081 1998 1117 2057 et
1137 1993 1227 2079 Apo-
1240 1954 1365 2086 ffiss‘

169 2100 329 2166 stolieam
353 2098 621 2164 benedictionem.
668 2096 863 2161 Humilibus
876 2100 912 2159 et
932 2094 1080 2158 honestis
1101 2087 1368 2204 &pffffi

169 2222 249 2267 cum
288 2202 387 2277 votis,
419 2199 486 2264 illis
529 2198 712 2285 praesertim
751 2218 809 2283 per
840 2216 914 2280 quae
951 2194 1086 2259 divinus
1117 2196 1393 2285 eultusffllmjoee

169 2305 293 2390 augeri
332 2302 453 2379 valeat,
490 2302 631 2366 libenter
668 2300 857 2375 annuimus,
897 2297 1019 2381 illaque
1056 2296 1227 2362 favoribus
1238 2285 1361 2415 w*

171 2404 409 2491 prosequimur
432 2402 609 2489 oportunis,
654 2400 814 2465 Exhibita
829 2398 989 2484 siquidem
1005 2398 1101 2463 nobis
1122 2420 1228 2485 nuper
1240 2418 1385 2481 eommy

173 2528 236 2592 pro
261 2512 356 2593 parte
389 2510 450 2569 tua
470 2504 598 2590 petitio,
621 2502 812 2568 eontinebat
845 2500 931 2585 quod
955 2506 1004 2575 tu,
1034 2499 1075 2565 de
1096 2502 1229 2586 propria
1239 2483 1341 2615 mig

174 2608 288 2673 salute
312 2606 505 2692 recogitans,
529 2611 563 2670 et
593 2605 729 2689 cupiens
751 2602 945 2667 transitoria
974 2602 1011 2665 in
1033 2610 1168 2677 aeterna,
1192 2610 1381 2679 etthepfirt

176 2714 313 2773 terrena
346 2708 390 2772 in·
406 2706 553 2771 eoelestia
586 2705 675 2771 felici
699 2703 910 2769 conversione
941 2710 1150 2780 eommutare,
1184 2680 1383 2797 adm

177 2810 329 2896 ejusdem
361 2808 469 2875 cultus
491 2813 713 2893 augmentum,
743 2804 961 2891 parochialem
998 2804 1166 2871 eeclesiam
1189 2810 1323 2881 deinter

179 2912 391 2998 Maydeston‚
423 2917 491 2975 tuae
525 2909 773 2975 cantuariensis
796 2906 954 2982 dioeeesis,
976 2907 1071 2991 eujus
1104 2908 1232 2980 fruetus
1244 2877 1394 2996 {ww

180 3020 218 3079 et
240 3014 389 3078 redditus
420 3018 455 3077 et
477 3017 657 3098 proventus
688 3009 904 3076 ducentarum
935 3029 1119 3074 marearum
1150 3013 1333 3090 ster-deved

182 3115 358 3200 lingorum,
382 3112 561 3179 seeundum
583 3132 787 3178 communem
809 3109 1073 3187 estimationem,
1087 3113 1231 3180 valorem
1244 3078 1394 3208 fflss'g.

185 3237 344 3292 annuum,
358 3220 398 3279 ut
413 3214 539 3288 asseris,
554 3234 621 3278 uon
636 3212 808 3288 exeedunt,
824 3212 861 3275 in
877 3211 1085 3298 eollegiatam
1100 3215 1233 3301 erigere,
1244 3209 1391 3288 '’¹⁰⁰‚swr

185 3321 221 3379 es
244 3315 327 3379 usu
358 3314 532 3401 eollegium
555 3315 655 3378 unius
677 3313 840 3398 Magistri,
871 3313 929 3397 qur
952 3333 1065 3378 curam
1096 3283 1351 3406 ussaw

186 3438 257 3480 rum
282 3415 424 3480 filiorum
447 3414 719 3500 parochianorum
742 3413 889 3499 ejusdem
918 3413 1062 3479 eeclesiae
1084 3437 1234 3484 exeruere
1244 3407 1392 3459 ΜΨ·

188 3542 246 3605 pro
269 3525 416 3605 ternpore
431 3523 592 3595 teneatur,
614 3539 654 3584 ae
668 3523 768 3604 eaput
789 3517 937 3601 ejusdem
952 3516 1078 3604 eollegii
1101 3521 1234 3601 existat,
1245 3476 1312 3525 Μ’

188 3642 315 3686 neenon
339 3619 592 3705 Capellanorum
626 3625 661 3684 et
684 3617 886 3684 Clericornm
908 3639 1013 3702 usque
1045 3619 1088 3685 ad
1111 3621 1235 3709 viginti

189 3727 329 3806 quatuor
361 3741 582 3806 personarum,
606 3719 658 3784 vel
690 3719 792 3784 alium
816 3719 858 3782 de
881 3740 948 3804 quo
979 3719 1041 3783 tibi
1067 3721 1237 3789 videbitur

189 3843 374 3900 numerum,
407 3822 591 3898 instituere,
622 3820 791 3906 ipsamque
812 3820 982 3886 eeclesiam
1015 3827 1085 3886 tam
1116 3823 1237 3890 suffiei-

189 3929 282 3989 enter
316 3924 438 3999 dotare,
476 3923 517 3987 de
554 3922 648 3987 bonis
682 3921 809 3986 ratione
848 3943 995 4006 personae
1025 3929 1093 3990 tuae
1123 3927 1167 3991 ad
1201 3934 1236 3993 te

190 4024 442 4110 pertinentibus,
464 4044 502 4088 ae
525 4023 626 4088 etiam
649 4022 827 4107 unicuique
864 4045 923 4108 per
952 4029 986 4088 te
1008 4023 1098 4090 licite
1119 4027 1237 4114 adqui·

191 4129 263 4192 sitis
294 4131 329 4192 et
360 4125 582 4210 adquirendis,
605 4124 779 4200 desideras,
809 4125 899 4209 quod
930 4129 1128 4212 eomputatis
1159 4129 1237 4209 illis,

191 4250 229 4294 ae
250 4229 353 4292 etiam
375 4225 542 4313 praedietis
557 4225 729 4300 fructibus,
745 4225 940 4302 redditibus,
962 4231 998 4291 et
1011 4231 1237 4313 proventibus,

192 4330 338 4414 ejusdem
370 4327 513 4393 ecelesiae
536 4325 705 4413 Magister,
728 4325 911 4411 Capeliani,
942 4333 978 4391 et
1010 4329 1132 4397 Clerici
1154 4355 1237 4418 prae-

192 4431 281 4506 dieti,
319 4449 394 4494 eum
431 4428 578 4515 personis
615 4428 658 4493 ad
703 4426 848 4514 ipsorum
889 4433 925 4492 et
961 4428 1059 4496 dietae
1095 4433 1239 4498 eeclesias

198 4531 355 4615 obsequia
385 4529 583 4614 necessariis,
610 4534 768 4614 poterunt
804 4529 959 4595 deeenter
989 4552 1051 4616 pro
1088 4539 1239 4620 tempore

194 4631 381 4707 sustentari,
403 4651 441 4695 ee
463 4629 687 4694 incumbentia
702 4629 748 4694 eis
763 4650 864 4696 onera
884 4633 1081 4718 supportari.
1129 4633 1241 4714 Quare

194 4753 252 4817 pro
274 4736 367 4816 parte
389 4736 449 4795 tua
471 4730 566 4794 nobis
589 4730 656 4796 fuit
673 4730 845 4796 humiliter
865 4733 1098 4818 supplieatum,
1116 4739 1156 4800 ut
1177 4735 1241 4801 tibi
