3350 5800
575 888 865 937 caurusarassns.
1179 876 1244 939 265

190 1065 263 1143 dus,
286 1066 323 1129 in
361 1065 452 1132 dicta
485 1063 633 1130 Ecclesia
667 1063 846 1129 distribuet
879 1069 1013 1129 centum
1045 1066 1246 1151 pauperibus

189 1167 347 1253 personis,
363 1167 544 1233 secundum
567 1188 680 1231 eorum
704 1165 916 1231 discretiones
939 1166 1044 1253 magis
1066 1166 1245 1254 indigenti-

189 1269 261 1345 bus,
279 1270 315 1333 in
339 1269 494 1345 denariis,
518 1274 592 1334 octo
615 1269 736 1334 solidos
759 1272 902 1353 quatuor
925 1268 1085 1345 denarios,
1108 1270 1245 1336 cuilibet

190 1372 329 1456 pauperi
353 1392 458 1435 unum
493 1370 677 1449 denarium,
701 1391 760 1455 pro
783 1370 958 1435 animabus
989 1371 1165 1454 praedictis,
1187 1394 1248 1457 per

191 1494 309 1537 sanam
348 1472 580 1537 discretionem
619 1470 698 1537 dicti
734 1470 891 1535 Custodis
928 1492 986 1535 seu
1020 1472 1159 1536 alterius
1193 1478 1247 1538 ut-

190 1594 293 1659 supra
316 1573 517 1660 deputandi;
542 1578 577 1637 et
599 1571 688 1657 quod
704 1572 926 1637 incontinenti
949 1577 1025 1657 post
1041 1574 1245 1658 sepulturam

189 1674 336 1760 corporis
366 1674 534 1759 saepedicti
557 1672 821 1738 reverendissimi
853 1673 967 1758 patris,
988 1674 1245 1759 septimanatim,

190 1776 361 1862 perpetuis
384 1776 509 1841 futuris
533 1775 745 1861 temporibus,
769 1774 995 1859 assignabitur
1016 1796 1075 1861 per
1091 1776 1247 1853 Priorem,

191 1877 417 1963 Suppriorem,
440 1877 494 1941 vel
531 1876 708 1941 (lentorem
740 1876 839 1941 dictae
871 1874 1024 1941 Ecclesiae
1040 1898 1126 1941 unus
1158 1900 1247 1964 pres-

190 1979 299 2061 byter,
323 1978 502 2044 monachus
537 1976 691 2043 Ecclesiae
724 1977 901 2063 praedictae,
932 1978 974 2041 ad
1007 1978 1247 2055 celebrandum,

190 2079 393 2145 celebrarive
425 2079 623 2156 faciendum,
655 2079 804 2164 quolibet
837 2079 891 2143 die
929 2080 1122 2165 septimanas
1156 2082 1247 2146 illius

190 2181 327 2246 missam
350 2202 426 2247 cum
449 2182 583 2267 speciali
606 2181 743 2245 collecta
774 2201 834 2264 pro
856 2179 969 2244 anima
992 2181 1072 2247 dicti
1095 2204 1247 2248 reveren·

190 2283 321 2348 dissimi
345 2284 450 2368 patris
466 2284 502 2347 in
524 2282 666 2368 speciali,
683 2286 717 2347 et
733 2282 905 2346 animabus
921 2288 1096 2367 parentum
1112 2306 1245 2349 suorum

190 2384 470 2470 supradictorum,
492 2384 732 2468 animabusque
755 2383 903 2447 omnium
933 2384 1081 2448 fidelium
1112 2386 1246 2452 defunc-

190 2491 315 2564 torum,
346 2486 390 2551 ad
428 2486 534 2551 altare
574 2484 690 2549 Sancti
728 2483 892 2569 Stephani
931 2486 1022 2550 infra
1066 2488 1246 2553 Ecclesiam

191 2588 396 2674 praedictam,
413 2609 455 2652 ex
478 2593 573 2673 parte
596 2586 721 2651 boreali
737 2586 883 2670 ejusdem
900 2586 1053 2653 Ecclesiae
1075 2589 1246 2655 situatum.

191 2692 237 2754 Et
260 2690 411 2755 sacerdos
434 2689 504 2773 ipse
528 2688 586 2773 qui
609 2687 731 2752 dictam
753 2686 889 2751 missam
912 2709 971 2773 pro
986 2690 1172 2773 septimana
1186 2713 1247 2757 sua

192 2791 240 2856 sic
263 2790 489 2865 celebraverit,
513 2810 572 2853 seu
595 2787 751 2854 celebrari
782 2787 906 2865 fecerit,
929 2789 972 2853 ad
999 2789 1188 2875 religiosum
1212 2798 1246 2857 et

192 2890 370 2958 honestum
411 2913 506 2956 usum
545 2912 653 2970 suum,
690 2889 779 2955 ultra
815 2889 1065 2956 distributiones
1098 2892 1181 2958 alias
1213 2900 1248 2959 et

191 2995 416 3059 emolumenta
449 2993 490 3058 de
523 2993 672 3079 prioratu
705 2998 819 3057 nostro
853 2992 917 3057 sibi
950 2992 1079 3058 debitas
1109 3000 1143 3059 et
1175 2995 1247 3059 dari

192 3101 374 3172 consuetas,
413 3095 521 3179 capiet
553 3115 611 3178 per
645 3095 867 3178 septimanam
899 3092 1089 3179 hujusmodi
1123 3095 1244 3182 viginti

193 3196 354 3272 denarios,
377 3217 436 3280 per
468 3215 587 3259 manus
621 3193 703 3259 dicti
736 3193 900 3270 Custodia,
930 3215 987 3258 seu
1021 3195 1157 3262 alterius
1188 3217 1249 3280 per

193 3298 344 3362 Priorem
367 3297 558 3383 deputandi.
607 3295 689 3375 Quae
704 3295 867 3380 siquidem
883 3295 983 3360 missa
1005 3297 1069 3360 erit
1083 3296 1119 3360 in
1134 3305 1248 3363 nostra
1343 3342 1346 3348 ,

192 3401 310 3486 lingua
332 3406 483 3465 materna
506 3398 690 3484 vulgariter
713 3401 908 3481 nuncupata
921 3395 1246 3482 Bocrplacba'eramos.

192 3500 247 3565 Ad
272 3522 354 3586 quas
387 3499 521 3584 quidem
552 3499 716 3584 exequias,
740 3503 774 3562 et
808 3503 1013 3563 mortuorum
1036 3497 1150 3577 officia,
1173 3522 1247 3564 curn

192 3602 302 3667 missis
326 3607 366 3665 ut
388 3600 579 3686 praedicitur
602 3599 825 3685 sequentibus,
841 3607 911 3662 tam
934 3600 969 3662 in
992 3599 1046 3663 die
1062 3600 1249 3685 sepultura,

192 3725 293 3790 quam
317 3704 353 3766 in
375 3702 602 3767 anniversario
618 3701 729 3766 obitus
752 3700 833 3765 dicti
857 3701 1121 3765 reverendissimi
1135 3704 1249 3787 patris,

193 3805 373 3891 diligenter
405 3802 635 3878 observandas,
659 3824 758 3887 quam
791 3802 893 3867 etiam
928 3801 1050 3867 dictam
1086 3825 1248 3871 summam

194 3912 269 3972 octo
313 3904 493 3970 solidorum
539 3909 682 3989 quatuor
720 3903 940 3979 denariorum,
978 3910 1019 3966 ut
1063 3904 1249 3990 praefertur,

194 4006 468 4081 distribuendam,
506 4004 728 4089 praefatasque
767 4004 883 4067 missas
921 4007 1088 4089 perpetuis
1128 4007 1267 4074 futuris>

193 4107 399 4194 temporibus
422 4107 458 4194 iq
481 4106 587 4170 forma
610 4104 772 4190 praedicta
794 4104 1014 4181 celebrandas,
1038 4128 1166 4173 necnon
1189 4131 1249 4196 pro

193 4211 293 4276 dictis
315 4208 438 4296 viginti
462 4207 607 4272 denariis
630 4206 768 4271 eandem
784 4207 918 4270 missam
941 4206 1124 4272 celebranti
1146 4213 1249 4297 septi·

192 4311 357 4377 manatim
391 4307 637 4383 distribuendis,
661 4306 846 4391 obligamus
883 4327 943 4370 nos
981 4314 1016 4372 et
1050 4331 1248 4378 successores

193 4418 325 4478 nostros
347 4431 406 4496 per
428 4415 617 4493 praesentes,
640 4407 779 4493 praefato
802 4407 1076 4474 reverendissimo
1098 4413 1248 4495 pat1i‚et

193 4516 342 4581 Henn'co
366 4513 499 4592 Comiti,
516 4520 551 4575 et
573 4511 750 4576 heredibus
773 4511 877 4595 ipsius
893 4508 1033 4575 Comitis
1055 4512 1092 4574 in
1114 4519 1246 4578 centurn

194 4618 320 4690 solidis,
335 4615 503 4681 solvendis
526 4615 633 4680 eidem
649 4612 774 4680 Comiti
798 4616 833 4676 et
847 4611 1025 4676 heredibus
1040 4613 1109 4676 suis
1124 4615 1247 4682 totiens

194 4721 350 4812 quotiens
373 4719 521 4784 defectus
543 4717 645 4782 fuerit
668 4717 703 4779 in
728 4714 913 4799 praemissis,
937 4714 1008 4778 sive
1031 4714 1142 4800 aliquo
1165 4739 1249 4802 prae·
