3350 5800
617 824 911 878 ummsamusas.
1056 910 1059 917 Ι
1228 816 1291 881 119

273 1012 498 1081 anmou.
542 1011 650 1079 Item:
682 1012 773 1099 apud
794 1010 982 1079 Middleton
1004 1032 1129 1079 novum
1155 1014 1289 1091 onium,

410 1136 499 1181 nova
519 1114 664 1193 boveria,
688 1119 722 1180 et
745 1114 858 1200 plures
881 1114 956 1181 aliae
979 1116 1211 1201 reparationes,

277 1218 420 1284 Itum
467 1217 576 1284 Itemz
605 1218 697 1303 apud
718 1216 826 1304 lllegh
843 1239 928 1283 nova
952 1218 1127 1285 aulaeum
1150 1220 1287 1286 oameris

414 1320 519 1397 novis,
542 1323 578 1385 et
599 1319 765 1405 reparatio
788 1319 894 1385 totius
924 1321 1063 1386 manerii
1086 1342 1161 1388 oum
1184 1323 1288 1387 muris

414 1423 455 1487 de
477 1442 566 1486 novo
588 1419 693 1486 factis.

278 1522 436 1589 Hauon.
485 1521 588 1587 Item:
620 1521 711 1607 opud
744 1520 872 1588 Halton
901 1544 1026 1588 novum
1050 1522 1182 1604 onium,
1213 1547 1288 1593 eum

412 1625 486 1690 aliis
508 1624 782 1711 reparationibus.

159 1714 164 1721 ¹
279 1726 442 1793 Worrou.
510 1726 620 1792 Item:
667 1726 757 1812 apud
795 1726 937 1792 Wotton
969 1727 1157 1793 manerium
1196 1730 1291 1816 quasi

413 1834 523 1895 totum
545 1832 743 1915 reparatum.

272 2067 490 2134 Moumnmi
511 2083 671 2145 oumnnu
693 2082 790 2133 uovu
813 2083 856 2133 m
878 2082 1033 2144 eunoun
1056 2084 1245 2138 amonius

282 2208 438 2274 chnsu.
494 2207 601 2273 Item:
632 2208 724 2295 apud
747 2206 893 2274 Hioham
915 2228 1040 2274 novum
1064 2210 1292 2277 molendinum

416 2308 615 2394 aquaticum.

282 2410 407 2475 ΕΜ.
461 2409 569 2475 Item:
616 2410 707 2495 opud
743 2409 846 2494 Estry
880 2410 946 2475 duo
983 2411 1172 2479 molendina
1208 2414 1293 2481 bene

417 2514 578 2597 repamta

283 2611 490 2679 Ouum.
535 2611 642 2676 Item:
673 2611 763 2697 apud
778 2609 960 2677 Ohertham
976 2612 1041 2678 duo
1056 2633 1145 2678 nova
1167 2616 1293 2683 molen·

418 2714 498 2778 dina
518 2733 624 2777 unum
645 2710 810 2778 fullonum
832 2714 925 2779 aliud
947 2706 1146 2800 aquaticum.

219 2889 221 2893 ,
285 2814 474 2904 [Tuum]
533 2813 641 2880 Item:
677 2814 715 2878 in
752 2814 903 2881 Thenete
941 2816 1167 2882 molendinum
1211 2815 1294 2881 bene

337 2937 341 2943 ’
419 2921 616 3005 reparatum.

285 3020 560 3086 Houmoooom
622 3019 728 3084 Item:
774 3020 864 3106 opud
913 3017 1154 3106 Holyngborne
1191 3039 1296 3084 unum

417 3120 644 3187 molendinum
688 3121 810 3207 saepius
847 3125 1046 3207 reparatum,
1081 3119 1189 3186 adhuc
1229 3141 1297 3187 non

420 3226 519 3292 valet.

283 3330 381 3396 Losa
427 3327 537 3395 Item:
565 3327 656 3415 apud
678 3325 761 3393 Iaoso
783 3347 888 3392 unum
912 3325 1139 3392 molendinum
1162 3345 1295 3391 novum.

284 3432 439 3498 Pmmu.
485 3430 591 3500 Item:
620 3429 711 3516 apud
734 3428 877 3496 Peeham
899 3449 1004 3493 unum
1027 3448 1150 3494 novum
1172 3429 1296 3494 molen-

421 3532 545 3600 dinum.

286 3636 477 3704 ommuou.
538 3634 644 3701 Item:
688 3633 780 3719 apud
817 3631 984 3718 ininton
1030 3649 1134 3696 unum
1173 3651 1297 3696 novum

420 3737 646 3804 molendinum
670 3734 872 3822 aquaticum.

289 3839 496 3906 Musaeum.
552 3837 659 3904 Item:
697 3836 786 3924 apud
819 3833 1001 3902 Mersthem
1035 3853 1141 3898 uuum
1172 3851 1297 3908 novum

422 3940 656 4006 molendinum
777 3947 780 3952 ’

287 4044 502 4111 Nummos.
548 4042 653 4108 Item:
689 4041 780 4128 apud
803 4040 999 4126 Newynton
1033 4059 1138 4103 unum
1171 4039 1297 4104 molen-

421 4146 538 4212 dinum
560 4144 682 4233 saepius
703 4147 902 4231 reparatum.

288 4249 486 4315 Biennos.
533 4245 636 4313 Item:
660 4245 749 4333 apud
774 4243 952 4331 Rysbergh
975 4241 1201 4308 molendinum
1227 4259 1296 4305 me·

423 4350 497 4437 guis
519 4347 708 4435 sumptibus
729 4351 929 4434 reparatum.

287 4451 467 4520 Bouxiuu.
498 4450 604 4518 Item:
636 4449 727 4536 apud
758 4447 923 4534 Bookyng
954 4445 1021 4510 duo
1052 4465 1140 4510 nova
1173 4443 1297 4510 molen·

290 4655 426 4721 Hnnun
471 4654 577 4726 Item:
598 4654 690 4742 apud
712 4651 864 4719 Haddele
895 4651 962 4714 duo
983 4645 1173 4712 molendina
1194 4663 1299 4708 unum

424 4756 600 4834 fullonum,
623 4761 659 4822 et
680 4754 773 4821 aliud
795 4751 994 4839 aquaticum.
