3350 5800
546 904 842 956 osuroamrusss
1175 888 1217 951 95

154 1115 265 1173 annos,
291 1094 637 1174 intercommunioare,
661 1094 910 1171 mercandisare,
933 1114 1049 1171 emere,
1080 1096 1115 1157 et
1137 1110 1217 1155 ven·

155 1196 229 1261 dere
252 1202 515 1265 consueverunt.
561 1198 670 1263 Item:
706 1196 883 1263 voluerunt
916 1199 949 1259 et
983 1196 1214 1261 mnoesserunt

156 1297 234 1364 dicti
257 1297 454 1365 Willelmus
486 1304 520 1365 et
551 1299 733 1378 lohannes,
765 1298 854 1384 quod
877 1298 949 1383 ipsi,
980 1296 1034 1361 vel
1064 1296 1123 1360 alii
1144 1294 1216 1359 loco

155 1422 212 1465 suo
248 1401 401 1467 forsitan
437 1424 497 1490 per
536 1402 663 1467 dictum
695 1402 879 1467 Dominum
913 1400 1038 1486 Regem
1070 1397 1108 1461 in
1151 1396 1215 1461 hac

156 1508 248 1589 parte
283 1506 504 1593 subrogandi,
540 1506 638 1571 dictae
674 1502 919 1571 Communitati
941 1524 979 1568 ac
1000 1500 1141 1576 civibus,
1162 1500 1214 1563 in-

156 1606 243 1686 colis,
267 1612 303 1672 et
326 1607 613 1673 inhabitatoribus
629 1605 817 1674 Civitatem
832 1605 1076 1692 praedictarum,
1090 1622 1219 1667 necnon
1248 1664 1252 1669 .

158 1710 297 1775 aliarum
316 1709 509 1776 Civitatum
526 1710 720 1796 oppidorum
745 1713 780 1774 et
803 1708 960 1773 villarum
975 1705 1016 1771 de
1032 1704 1161 1784 Hansa,
1177 1704 1218 1768 de

160 1816 193 1877 et
213 1833 275 1899 pro
312 1814 471 1878 omnibus
493 1813 634 1897 injuriis,
657 1812 823 1898 dampnis,
846 1816 880 1875 et
901 1808 1159 1897 gravaminibus,
1183 1828 1222 1873 ac

160 1913 342 1979 hominum
374 1914 665 1993 submersionibus,
698 1914 753 1989 eis,
787 1920 828 1978 ut
859 1912 1042 1999 praefertur,
1065 1910 1165 1976 factis
1187 1913 1223 1974 et

161 2014 276 2094 illatis,
292 2021 333 2080 et
356 2015 607 2102 praenominatis
630 2014 808 2080 Wilhelmo
831 2019 866 2078 et
887 2014 1045 2089 Johanni,
1068 2012 1224 2077 articula·

161 2117 222 2181 tim
254 2118 444 2204 inscriptis,
481 2117 614 2181 traditis
649 2121 683 2181 et
716 2116 884 2201 porrectis,
915 2114 970 2179 vel
1000 2136 1060 2201 per
1092 2113 1223 2179 eosdem

161 2225 407 2305 procuratores,
441 2239 499 2283 seu
533 2239 591 2303 per
634 2217 715 2282 ulios
753 2217 824 2283 loeo
863 2215 1042 2282 eorundem
1080 2213 1222 2280 forsitan

163 2322 385 2406 deputandos,
436 2342 473 2386 aa
520 2320 660 2385 aliorum
706 2320 894 2396 civitatum,
938 2318 1144 2405 oppidorum,
1190 2320 1225 2382 et

164 2423 316 2489 locorum
340 2425 381 2489 de
416 2418 531 2489 Ha'nsa
561 2423 708 2499 nuncios,
731 2429 968 2508 procuratores,
991 2444 1049 2487 seu
1071 2421 1224 2487 commis-

165 2528 278 2607 sarios,
319 2526 488 2591 tradendis
534 2546 665 2591 exnunc
710 2530 745 2590 et
788 2525 1003 2611 porrigendis,
1041 2523 1225 2610 primodie

167 2626 297 2693 Mensis
321 2628 403 2692 Maii
419 2628 572 2713 proximo
595 2627 717 2705 futur0,
741 2649 815 2692 cum
831 2627 1080 2693 continuacione
1096 2626 1225 2690 dierum

168 2731 393 2815 sequencium,
425 2731 461 2793 in
493 2730 622 2816 Oppido
646 2729 865 2795 Dordracensi
894 2730 931 2793 in
953 2729 1143 2804 Hellandia,
1166 2733 1227 2793 aut

168 2833 234 2899 alio
268 2834 414 2899 termino
445 2831 498 2896 vel
522 2832 673 2898 terminis
704 2836 785 2898 tunc
808 2830 947 2896 forsitan
969 2830 1145 2895 limitando
1168 2829 1224 2893 vel

168 2935 366 3013 limitandis
401 2935 539 3000 Domini
574 2935 674 3020 Regis
708 2934 850 3012 nomine,
884 2938 1109 3019 competenter
1131 2932 1228 2996 satis·

168 3037 296 3103 facient
306 3042 340 3102 et
351 3057 530 3124 congruam
541 3037 747 3121 praestabunt
756 3035 1012 3121 emendam,pari
1022 3040 1056 3101 et
1065 3033 1227 3100 consimili
1240 3063 1297 3113 'lue
1311 3078 1369 3112 men

171 3138 283 3205 forma
317 3139 417 3204 sicuti
460 3139 496 3200 in
529 3137 618 3202 dicto
651 3137 792 3202 termino
815 3137 968 3214 limitato,
999 3135 1054 3201 vel
1088 3135 1227 3199 forsitan
1240 3129 1397 3185 ⁰51¹¹¹b⁰⁰¹¹2

171 3246 255 3307 tunc
287 3240 503 3328 prorogando,
526 3239 643 3304 incolis
666 3249 826 3304 terrarum
851 3238 977 3303 Prusiae
999 3241 1035 3302 et
1058 3199 1382 3324 Lyvoniae,{fnllrf1ii'g,

172 3363 274 3429 super
316 3342 457 3428 injuriis
492 3341 654 3426 dampnis,
698 3347 731 3406 et
777 3340 1037 3428 gravaminibus,
1076 3340 1131 3415 eis,
1169 3329 1388 3424 perstrenuus,

174 3445 258 3511 urea
292 3446 428 3510 nomini
452 3445 552 3531 Regis
584 3445 687 3532 ngas
722 3448 755 3508 a
779 3443 939 3521 subdita,
961 3442 1111 3507 indebite
1134 3393 1399 3511 faaistlfl‘l*

174 3555 210 3612 et
248 3548 359 3624 illatis,
402 3549 438 3610 in
488 3547 659 3633 provincia
697 3545 864 3632 magnifici
897 3544 1022 3609 domini
1061 3545 1186 3632 Magist
1204 3529 1398 3644 'ffitfflssm

177 3649 349 3716 Generalis
372 3648 507 3725 Prusiae,
523 3648 560 3713 in
582 3654 673 3713 terra
696 3669 756 3713 sua
778 3646 912 3723 Prusiae,
928 3647 1107 3733 reparacio,
1129 3645 1229 3712 refor·
1242 3677 1271 3710 m
1287 3659 1401 3738 thpreor

177 3753 292 3831 maci0‚
316 3757 349 3817 et
372 3752 510 3816 emenda
531 3773 590 3838 per
614 3751 719 3816 dictos
745 3748 962 3814 Wilhelmum
985 3753 1019 3814 et
1041 3749 1230 3814 Jobannem
1243 3727 1392 3856 {ffi'aty

177 3855 373 3941 repromissa
404 3854 528 3932 existit,
562 3858 662 3939 prout
684 3853 721 3917 in
751 3851 949 3937 quibusdam
971 3851 1093 3916 litteris
1115 3853 1304 3916 iudan-with
1317 3861 1390 3936 tuae

179 3959 270 4033 tatis,
302 3978 377 4042 quae
411 3961 491 4020 sunt
514 3955 555 4020 de
578 3955 658 4019 data
693 3962 711 3988 “
720 3953 757 4017 in
788 3951 907 4020 Castro
931 3954 972 4017 de
995 3952 1229 4018 Marienburch
1243 3928 1394 4042 ffffim

184 4067 202 4093 “
226 4061 262 4122 in
284 4057 410 4133 Prusia,
427 4062 545 4123 octavo
569 4057 623 4121 die
655 4055 780 4121 Mensis
804 4055 958 4121 Octobris
980 4077 1069 4121 anno
1095 4056 1232 4120 Domini
1245 4058 1383 4135 aaaron

183 4169 201 4194 “
225 4167 384 4224 nccccv²⁰
400 4159 416 4184 '’
455 4159 496 4224 de
528 4163 562 4223 et
607 4179 705 4245 super
739 4157 959 4243 reparacione,
988 4157 1232 4236 reformacione‚
1245 4125 1404 4175 asrnsenea

183 4268 217 4326 et
249 4261 388 4327 emenda
419 4260 610 4345 hujusmodi
642 4260 740 4327 factis
772 4265 807 4325 et
845 4258 1039 4345 conscriptis
1077 4262 1232 4346 (quarum

184 4369 277 4429 tenor
314 4364 413 4429 debet
450 4363 506 4428 hic
542 4363 655 4427 haberi
694 4383 754 4449 pro
793 4361 934 4446 inserto)
979 4361 1112 4447 plenius
1157 4383 1234 4428 con-

184 4467 318 4532 tinetur.

226 4569 426 4634 Promissum
448 4567 582 4653 insuper
605 4567 729 4644 extitit,
743 4588 803 4653 per
826 4565 1031 4631 Willelmum
1054 4570 1088 4631 et
1111 4565 1237 4631 Joban-

185 4694 261 4737 nem
283 4669 548 4756 praenominatos,
572 4669 660 4755 quod
682 4669 771 4756 ipsos
796 4669 1079 4734 Communitatem
1103 4668 1238 4744 Hansae,

186 4780 221 4839 et
242 4773 415 4838 civitatum
441 4772 674 4858 praedictarum
689 4777 751 4837 aut
765 4770 944 4837 civitatum
959 4769 1099 4834 aliarum
1115 4771 1240 4835 Hansae
