3350 5800
388 828 451 892 126
833 842 965 889 maan

217 1022 361 1076 ΟΜΝΗ
389 1024 621 1112 ponerentur
611 1046 648 1089 111
663 1024 787 1101 eadem,
803 1044 879 1108 quae
902 1023 983 1089 dicti
1000 1022 1195 1109 Capellani
1185 1044 1223 1087 ιιι
1238 1021 1388 1089 eadam
1379 1042 1441 1086 un·

388 1134 586 1215 perpetuum
596 1126 770 1192 observare
786 1130 999 1207 tenerentur3
1021 1124 1152 1202 idcirce,
1164 1124 1293 1191 Christi
1307 1124 1443 1201 nominc

218 1092 343 1141 immed·

388 1230 543 1346 primitus
553 1229 726 1294 invocato:
741 1228 812 1293 Nos
823 1226 968 1292 Thomas
977 1226 1253 1313 Archreprscopus
1262 1226 1443 1313 praedrctus

387 1330 424 1396 in
447 1332 563 1418 primis
586 1331 750 1408 volumus,
773 1330 962 1409 statuimus
986 1334 1021 1395 et
1042 1329 1247 1405 ordinamus,
1264 1328 1351 1415 quod
1375 1326 1443 1392 duo

388 1432 561 1520 Capellaui
584 1432 755 1515 seculares,
779 1454 839 1519 per
863 1454 924 1499 nos
951 1431 1030 1498 isto'
1047 1432 1101 1499 die
1126 1432 1162 1498 in
1187 1432 1303 1498 eadem
1326 1434 1445 1496 nostra

386 1536 536 1603 cantaria
561 1536 715 1602 canonice
738 1535 898 1613 instituti,
921 1535 979 1621 qui
1009 1534 1105 1600 nobis
1138 1540 1173 1601 et
1202 1532 1443 1601 successoribus

386 1638 510 1703 nostris
524 1637 714 1704 canonicam
730 1642 769 1702 ut
787 1636 876 1723 juris
895 1643 946 1702 est
960 1637 1191 1722 prestiterunt
1206 1635 1442 1715 obedientiam,

387 1744 546 1805 eteorum
561 1760 760 1805 successores
774 1738 1018 1825 imperpetuum
1035 1743 1215 1803 teneantur
1230 1737 1443 1822 infrascripta

387 1846 517 1907 statuta
539 1847 573 1905 et
595 1840 822 1905 ordinationes
845 1839 957 1905 omnia
979 1844 1014 1905 et
1035 1839 1169 1926 singula
1191 1837 1441 1915 inviolabiliter,

388 1948 553 2028 quatenus
585 1942 629 2007 ad
662 1942 793 2007 eosdem
817 1940 1014 2029 capellanos
1045 1947 1080 2007 ct
1112 1962 1226 2007 eorum
1257 1938 1442 2026 quemlibet

387 2044 533 2130 pertinet
563 2043 618 2109 vel
647 2044 813 2129 pertinere
850 2042 974 2131 poterit
1011 2042 1047 2106 in
1078 2041 1244 2117 futurum,
1269 2041 1368 2127 plane
1405 2044 1441 2105 et

387 2146 484 2233 plene
515 2145 698 2211 observare.
745 2145 852 2211 Item:
887 2144 1051 2223 volumno,
1073 2144 1274 2222 ordinamus,
1306 2147 1341 2207 et
1373 2147 1443 2207 sta-

387 2249 523 2328 tuimus,
556 2247 646 2334 quod
676 2247 767 2313 dicta
799 2248 948 2313 cantaria
980 2250 1095 2312 nostra
1126 2268 1238 2333 quam,
1267 2244 1308 2310 de
1343 2245 1442 2311 rebus

387 2350 554 2437 praedictis
586 2354 625 2415 ut
651 2350 836 2436 praefertur,
859 2370 898 2416 ao
923 2349 965 2413 de
988 2369 1149 2415 consensu
1180 2348 1329 2413 omnium
1360 2368 1442 2433 quo-

387 2472 463 2515 rum
478 2452 618 2517 interest
640 2471 699 2516 scu
722 2451 882 2515 interesse
905 2450 1061 2536 potuerit,
1077 2449 1253 2527 ereximus,
1269 2449 1311 2514 de
1334 2453 1443 2514 cetero

389 2551 568 2619 Amadell
597 2551 810 2639 Ohacuvterye
840 2552 1023 2639 vulgariter
1051 2556 1273 2638 nuncupetur.
1332 2550 1439 2615 Item:

386 2654 550 2733 volumus,
573 2655 760 2732 statuimus,
783 2661 819 2719 et
841 2654 1043 2733 ordinamus,
1058 2654 1148 2740 quod
1171 2653 1207 2717 in
1230 2658 1265 2718 et
1287 2652 1327 2717 de
1350 2652 1441 2719 dicta

386 2756 535 2823 cantaria
564 2760 689 2833 nostra,
711 2778 824 2841 quam,
842 2756 943 2840 juxta
974 2755 1069 2821 nobis
1099 2755 1299 2821 attributam
1330 2759 1439 2840 potes·

386 2863 502 2938 tatem,
525 2862 565 2924 ut
587 2858 774 2945 praefertur,
789 2878 828 2923 ae
851 2857 892 2924 de
914 2878 1075 2924 consensu
1099 2857 1225 2944 pariter
1247 2861 1281 2923 et
1302 2878 1439 2924 assensu

386 2962 583 3028 dilectorum
621 2962 658 3024 in
697 2959 831 3027 Christo
873 2959 1016 3027 filiorum
1054 2959 1178 3026 Prioris
1217 2965 1252 3026 et
1289 2959 1439 3046 Capituli

387 3062 541 3130 Ecclesiae
563 3067 686 3128 nostrae
709 3067 833 3129 sanctes
858 3063 1119 3144 Oantuariensis,
1143 3063 1356 3148 omniumque
1379 3063 1443 3127 ali-

386 3186 480 3232 orum
515 3186 656 3250 quorum
687 3165 828 3230 intereat
862 3165 917 3228 vel
949 3165 1109 3230 interesse
1143 3163 1275 3250 poterit,
1298 3167 1440 3249 uterque

387 3267 553 3334 dictorum
583 3267 725 3332 duorum
750 3265 1008 3352 Capellanorum
1039 3273 1227 3332 nostrorum
1250 3271 1285 3331 et
1315 3287 1442 3332 succes-

386 3390 497 3436 sorum
512 3389 647 3434 suorum
662 3368 826 3455 percipiat
848 3369 1023 3434 annuatim
1047 3368 1159 3434 decem
1181 3367 1283 3434 libras
1297 3374 1440 3435 monetae

385 3471 590 3558 Anglicnnae,
619 3470 661 3534 de
691 3471 911 3556 proventibus
941 3475 976 3536 et
1006 3469 1265 3536 obventionibus
1296 3468 1440 3536 ecclesiae

385 3573 582 3660 parochialis
614 3571 655 3636 de
687 3570 888 3649 Northflete,
912 3593 1035 3637 mensae
1067 3576 1190 3636 nostrae
1222 3571 1440 3657 archiepisco·

385 3673 454 3761 pali
477 3678 512 3738 et
543 3693 767 3739 successorum
800 3677 989 3738 nostrorum
1024 3677 1064 3736 ut
1095 3672 1275 3758 praefertur
1307 3674 1440 3760 [appro-

385 3773 542 3861 priatae]¹
574 3795 635 3861 pro
665 3796 762 3860 pane,
798 3774 888 3848 vino,
922 3779 957 3840 ct
988 3795 1063 3840 cere
1096 3796 1156 3859 pro
1188 3774 1365 3839 missarum
1404 3783 1439 3842 et

386 3876 575 3940 divinorum
598 3877 634 3940 in
656 3877 772 3942 eodem
802 3876 946 3942 oratorio
969 3877 1039 3940 sive
1062 3874 1197 3961 capella,
1220 3875 1440 3943 celebratione

385 3983 554 4066 perpetua,
577 3999 615 4044 ac
639 3983 822 4044 ceterorum
857 3977 1006 4043 omnium
1038 3978 1322 4057 vestimentorum,
1344 3979 1440 4044 habi-

385 4087 490 4158 tuum,
524 4080 812 4166 processionalium
852 4081 951 4164 (quos
985 4085 1025 4144 ut
1059 4079 1273 4165 subsequitur
1310 4101 1439 4166 proces·

385 4183 558 4248 sionaliter
589 4182 739 4247 incedere
770 4181 977 4266 statuimus),
1001 4187 1036 4245 et
1071 4181 1281 4246 mansionum
1304 4203 1438 4247 suerum

385 4285 645 4371 subscriptarum
677 4283 896 4367 reparatione,
920 4287 954 4347 et
976 4304 1036 4368 pro
1067 4287 1141 4347 tota
1163 4282 1316 4348 ulteriori
1347 4285 1438 4348 exhi-

385 4391 512 4456 bitione
542 4396 577 4454 et
606 4389 850 4454 sustentatione
881 4389 949 4453 suis
972 4389 1067 4454 unite
1098 4394 1133 4453 et
1155 4389 1372 4475 incorporate,
1395 4391 1439 4456 ad

386 4499 528 4578 quatuor
551 4492 632 4556 anni
647 4491 807 4555 terminos
821 4491 1026 4577 principales,
1042 4513 1101 4578 per
1116 4513 1176 4556 nos
1192 4497 1227 4556 et
1241 4512 1440 4558 successores

744 4749 753 4785 ¹
766 4751 951 4819 appropriato,
962 4767 1013 4805 om.
1024 4751 1080 4804 MS.
