3350 5800
99 4705 100 4708 =
203 4664 280 4744 fuit,
296 4665 439 4731 Ricardo
463 4665 610 4733 Newton
625 4668 729 4733 militi
749 4668 898 4756 Capitoli
910 4671 1107 4736 Justicierio
1123 4668 1260 4733 Domini

590 863 881 915 caurusnrnssns
1196 850 1260 913 193

195 1039 352 1104 omnium
376 1039 619 1126 arreragiorum
641 1039 815 1125 cujusdem
838 1058 960 1103 annuae
982 1037 1151 1123 Pi¹¹⁵¹i⁰¹¹is
1173 1044 1255 1104 ires·
1268 1031 1432 1147 ffiseptup

195 1141 309 1207 decim
341 1164 529 1209 marcarum
564 1142 661 1207 nobis
693 1141 815 1207 debitae
854 1140 895 1205 de
926 1140 1026 1206 dictis
1057 1140 1190 1206 Abbate
1222 1144 1363 1214 etfuture.

196 1242 391 1311 Conventu.
437 1244 489 1309 De
512 1244 641 1329 quibus,
658 1248 717 1309 etc.
742 1244 889 1309 fatemur
902 1263 963 1305 nos
977 1241 1050 1307 fore
1064 1244 1256 1357 persolutos,
1269 1230 1382 1347 {fflfflt
1392 1296 1426 1345 M

194 1349 264 1411 etc.
308 1344 435 1411 Datum
450 1345 487 1409 in
503 1344 600 1409 domo
615 1348 729 1409 nostra
752 1342 927 1429 capitulari
950 1341 1043 1428 xiiij⁰
1066 1342 1119 1407 die
1134 1364 1256 1407 mens1s
1268 1363 1313 1413 the
1323 1377 1391 1419 case,

194 1445 414 1533 Septembris,
438 1466 525 1511 anno
548 1447 643 1533 regni
667 1446 805 1512 Henrici
827 1445 916 1511 sexti
938 1451 1015 1531 post
1037 1449 1255 1531 conquestum
1268 1427 1401 1559 ξξξξῖρξὴὴ

196 1547 358 1617 vicesimo
382 1554 510 1634 quarto.
1269 1562 1387 1611 domnoc

249 1649 405 1716 conciso
427 1652 526 1715 tetius
549 1646 666 1736 scripti
681 1648 951 1735 acquietanciarii
974 1648 1051 1713 uus
1074 1651 1143 1711 est:
1166 1646 1256 1732 quos
1268 1627 1410 1759 fflgfh

197 1750 229 1815 si
255 1750 487 1839 infrascriptus
512 1751 634 1830 Ahbes,
657 1756 717 1815 aut
738 1771 939 1816 successores
961 1750 1023 1827 sui,
1046 1770 1104 1815 seu
1134 1748 1254 1834 aliquis

197 1852 290 1917 alius
311 1855 443 1919 nomine
466 1875 590 1931 eorum,
614 1853 724 1917 solvet
756 1859 817 1917 aut
847 1852 933 1917 solvi
965 1852 1079 1928 faciat,
1100 1850 1139 1914 in
1160 1850 1258 1916 domo

198 1954 336 2040 lapidea
350 1955 554 2041 infrascripti
569 1954 693 2019 Prioris
708 1954 800 2040 epud
822 1952 1052 2019 Bon-chirche
1067 1951 1257 2029 londoniis,

200 2058 240 2122 in
262 2058 345 2123 festo
361 2058 563 2124 Nativitatis
578 2059 693 2123 Beatae
710 2056 826 2122 Mariae
842 2056 991 2143 Virginis
1006 2055 1159 2143 proximo
1181 2062 1258 2142 post

201 2158 323 2223 datum
356 2160 580 2245 praesentium,
604 2158 771 2244 quandem
794 2179 942 2223 annuam
966 2156 1160 2243 pensionem
1182 2162 1256 2223 octo

200 2260 365 2327 librarum
410 2262 584 2327 tresdecim
631 2252 813 2327 solidorum
859 2265 1002 2345 quatuor
1047 2259 1257 2325 denariorum

203 2364 321 2451 legalis
344 2369 485 2430 monetas
507 2364 650 2451 Angliae,
672 2362 916 2451 percipiendam
940 2361 981 2426 de
1004 2362 1102 2429 dictis
1126 2362 1258 2428 Ahbete

202 2472 239 2532 et
271 2466 447 2533 Conventu
478 2466 532 2532 vel
570 2464 808 2533 suecessoribus
840 2464 909 2529 suis
942 2484 1001 2549 per
1022 2485 1083 2529 nos
1112 2464 1259 2529 Priorem

204 2574 266 2634 aut
287 2589 487 2635 successores
510 2572 650 2645 nostroe,
672 2571 707 2632 et
729 2566 776 2633 sic
798 2565 973 2630 annuatim
995 2565 1039 2629 ad
1061 2565 1258 2651 praedictum

204 2670 336 2749 festum,
353 2669 441 2755 quod
456 2674 581 2735 extunc
603 2690 748 2755 praesens
770 2668 931 2753 scriptum
945 2667 1257 2751 acquietontiarium

203 2772 239 2837 in
262 2794 320 2838 suo
346 2771 461 2837 robore
483 2776 685 2857 permaneat,
708 2770 857 2855 alioquin
878 2789 939 2855 pro
961 2768 1054 2834 nullo
1076 2767 1248 2835 habeatur.

240 2873 412 2931 Notandum
438 2872 516 2945 quod
544 2872 744 2944 suprascripte
771 2870 971 2943 acquietuntia
998 2888 1065 2925 eum
1092 2870 1259 2926 conditione

206 2958 302 3030 potins
328 2957 402 3027 ligat
430 2955 664 3027 suprascriptum
683 2954 829 3009 Ahbstem
856 2957 887 3009 et
914 2953 1100 3009 conventum
1128 2954 1163 3008 de
1182 2953 1259 3024 Tyn·

205 3045 288 3096 terne
307 3057 396 3112 quam
413 3040 537 3104 relaxat,
556 3039 668 3110 quiesi
694 3037 856 3094 defecerint
883 3036 915 3092 in
943 3042 1093 3108 posterum
1111 3038 1143 3092 in
1160 3037 1259 3100 clinno

204 3124 331 3180 termino
350 3126 484 3195 superius
502 3123 666 3194 specificato
704 3163 892 3176 .....

208 3387 519 3454 loth—Lmenrm
549 3389 687 3453 Domur
722 3389 991 3454 Anenrnmscorr
1015 3406 1057 3452 rr
1080 3387 1259 3468 Oserrum,
1317 3421 1388 3470 mr.

385 3507 432 3554 nn
470 3506 648 3556 neronum
685 3507 840 3557 cernam
877 3508 913 3556 m
954 3506 1040 3555 nsvr
1079 3491 1258 3556 Eccnrsrn
1272 3535 1296 3582 s,
1311 3538 1393 3586 ma·

385 3609 650 3658 necessrium
682 3609 863 3660 essemus
900 3595 1056 3658 Domus
1078 3593 1259 3658 Joususs
1310 3651 1314 3656 .

385 3693 625 3760 anucnnsnn.

249 3851 422 3933 Omnibus,
443 3860 506 3920 etc.
552 3854 724 3921 Johannes
748 3856 961 3942 permissione
993 3857 1109 3922 divine
1140 3853 1422 3942 Archi-Tinger-

204 3955 375 4040 episcopus
399 3955 658 4035 Oantueriensis,
686 3963 757 4034 etc,
780 3963 815 4022 et
845 3958 1015 4024 Johannes
1041 3959 1156 4024 eadem
1187 3981 1258 4045 per·
1271 3919 1389 4045 iffi?

202 4058 357 4122 missione
407 4059 499 4124 Prior
550 4059 703 4126 Ecclesiae
753 4059 881 4126 Christi
919 4061 1180 4146 cantuariensis,
1223 4069 1258 4127 et
1272 4051 1420 4168 ffiffffit

202 4159 351 4242 ejusdem
383 4159 447 4225 loci
486 4159 691 4236 Conventus,
728 4162 871 4226 salutem
903 4162 939 4226 in
973 4162 1125 4229 Domino.
1172 4163 1257 4229 cum
1273 4184 1404 4234 sueonos

202 4260 367 4324 Dominus
399 4261 474 4326 Rex
506 4283 604 4340 nunc,
627 4284 687 4349 per
710 4263 844 4328 litteras
876 4284 953 4328 sues
976 4269 1130 4350 petentes
1164 4266 1259 4330 detes
1272 4251 1427 4379 ξῗξξῖζω

202 4360 292 4446 apud
325 4359 657 4428 westmonasterium
693 4364 824 4449 xxiiijto
854 4365 908 4430 die
938 4365 1139 4431 Novembris
1170 4387 1259 4430 anno
1272 4382 1378 4446 syme

203 4463 297 4549 regni
336 4463 385 4528 sui
426 4465 583 4530 vicesimo
624 4465 751 4552 quinto,
786 4467 983 4532 concesserit
1016 4473 1051 4532 et
1090 4467 1259 4534 licentiam
1273 4447 1390 4563 22¹2ng

204 4563 343 4642 dederit,
374 4585 435 4650 pro
467 4587 502 4630 se
536 4571 571 4630 et
603 4567 789 4632 haeredibus
823 4568 902 4645 suis,
925 4574 1089 4654 quantum
1119 4571 1157 4632 in
1186 4569 1258 4652 ipso
1273 4578 1356 4694 totphe
1400 4644 1419 4692 11

1250 4659 1431 4761 'chilihehdve

206 4765 308 4852 Regis
342 4767 383 4832 de
417 4768 539 4846 Banco
562 4769 699 4838 'Pbomee
735 4771 939 4838 Lewkenore
979 4771 1089 4848 militi,
1112 4771 1260 4837 Johanni
1274 4774 1354 4828 osne

307 4869 333 4918 1*
366 4874 458 4919 esen.
567 4887 570 4892 ·
1102 4892 1126 4939 N
