<?xml version="1.0" encoding="UTF-8"?>
<!DOCTYPE html PUBLIC "-//W3C//DTD XHTML 1.0 Transitional//EN"
    "http://www.w3.org/TR/xhtml1/DTD/xhtml1-transitional.dtd">
<html xmlns="http://www.w3.org/1999/xhtml" xml:lang="en" lang="en">
 <head>
  <title>
</title>
<meta http-equiv="Content-Type" content="text/html;charset=utf-8" />
  <meta name='ocr-system' content='tesseract 3.04.00' />
  <meta name='ocr-capabilities' content='ocr_page ocr_carea ocr_par ocr_line ocrx_word'/>
</head>
<body>
  <div class='ocr_page' id='page_1' title='image "./literaecantuari00shepgoog/literaecantuari00shepgoog_0223.png"; bbox 0 0 3350 5800; ppageno 0'>
   <div class='ocr_carea' id='block_1_1' title="bbox 416 802 1010 874">
    <p class='ocr_par' dir='ltr' id='par_1_1' title="bbox 416 802 1010 874">
     <span class='ocr_line' id='line_1_1' title="bbox 416 802 1010 874; baseline 0.013 -9"><span class='ocrx_word' id='word_1_1' title='bbox 416 802 480 865; x_wconf 79' lang='lat'><strong>152</strong></span> <span class='ocrx_word' id='word_1_2' title='bbox 877 822 1010 874; x_wconf 74' lang='lat' dir='ltr'><strong>errans</strong></span> 
     </span>
    </p>
   </div>
   <div class='ocr_carea' id='block_1_2' title="bbox 241 1004 1481 1102">
    <p class='ocr_par' dir='ltr' id='par_1_2' title="bbox 241 1004 1481 1102">
     <span class='ocr_line' id='line_1_2' title="bbox 241 1004 1481 1102; baseline 0.025 -45"><span class='ocrx_word' id='word_1_3' title='bbox 241 1004 339 1057; x_wconf 73' lang='lat' dir='ltr'><strong>cheam</strong></span> <span class='ocrx_word' id='word_1_4' title='bbox 354 1006 380 1057; x_wconf 87' lang='lat' dir='ltr'><strong>iu</strong></span> <span class='ocrx_word' id='word_1_5' title='bbox 416 1008 474 1069; x_wconf 85' lang='lat' dir='ltr'><strong>ete.</strong></span> <span class='ocrx_word' id='word_1_6' title='bbox 500 1004 583 1070; x_wconf 85' lang='lat' dir='ltr'><strong>fiant</strong></span> <span class='ocrx_word' id='word_1_7' title='bbox 606 1004 690 1071; x_wconf 85' lang='lat' dir='ltr'><strong>citra</strong></span> <span class='ocrx_word' id='word_1_8' title='bbox 723 1008 844 1075; x_wconf 85' lang='lat' dir='ltr'><strong>festum</strong></span> <span class='ocrx_word' id='word_1_9' title='bbox 878 1010 1035 1077; x_wconf 79' lang='lat' dir='ltr'><strong>Omnium</strong></span> <span class='ocrx_word' id='word_1_10' title='bbox 1066 1013 1273 1093; x_wconf 87' lang='lat' dir='ltr'><strong>Sanctorum,</strong></span> <span class='ocrx_word' id='word_1_11' title='bbox 1295 1021 1355 1083; x_wconf 78' lang='lat' dir='ltr'><strong>cto</strong></span> <span class='ocrx_word' id='word_1_12' title='bbox 1380 1015 1481 1102; x_wconf 80' lang='lat' dir='ltr'><strong>quod</strong></span> 
     </span>
    </p>
   </div>
   <div class='ocr_carea' id='block_1_3' title="bbox 242 1072 1481 1297">
    <p class='ocr_par' dir='ltr' id='par_1_3' title="bbox 242 1072 1481 1297">
     <span class='ocr_line' id='line_1_3' title="bbox 242 1072 1481 1205; baseline 0.014 -38"><span class='ocrx_word' id='word_1_13' title='bbox 242 1072 337 1138; x_wconf 74' lang='lat' dir='ltr'><strong>suney</strong></span> <span class='ocrx_word' id='word_1_14' title='bbox 346 1075 358 1125; x_wconf 51' lang='lat' dir='ltr'><strong>i</strong></span> <span class='ocrx_word' id='word_1_15' title='bbox 416 1110 496 1171; x_wconf 87' lang='lat' dir='ltr'><strong>tuuc</strong></span> <span class='ocrx_word' id='word_1_16' title='bbox 519 1129 662 1193; x_wconf 88' lang='lat' dir='ltr'><strong>praeseus</strong></span> <span class='ocrx_word' id='word_1_17' title='bbox 685 1110 847 1197; x_wconf 81' lang='lat' dir='ltr'><strong>obligscio</strong></span> <span class='ocrx_word' id='word_1_18' title='bbox 869 1134 929 1199; x_wconf 91' lang='lat' dir='ltr'><strong>pro</strong></span> <span class='ocrx_word' id='word_1_19' title='bbox 951 1115 1045 1181; x_wconf 91' lang='lat' dir='ltr'><strong>nullo</strong></span> <span class='ocrx_word' id='word_1_20' title='bbox 1066 1116 1238 1195; x_wconf 76' lang='lat' dir='ltr'>habeatur,</span> <span class='ocrx_word' id='word_1_21' title='bbox 1262 1119 1416 1205; x_wconf 84' lang='lat' dir='ltr'><strong>alioquin</strong></span> <span class='ocrx_word' id='word_1_22' title='bbox 1441 1119 1481 1184; x_wconf 89' lang='lat' dir='ltr'><strong>in</strong></span> 
     </span>
     <span class='ocr_line' id='line_1_4' title="bbox 416 1209 1039 1297; baseline 0.022 -26"><span class='ocrx_word' id='word_1_23' title='bbox 416 1228 476 1273; x_wconf 90' lang='lat' dir='ltr'><strong>suo</strong></span> <span class='ocrx_word' id='word_1_24' title='bbox 499 1209 613 1275; x_wconf 82' lang='lat' dir='ltr'>robore</span> <span class='ocrx_word' id='word_1_25' title='bbox 637 1220 830 1297; x_wconf 82' lang='lat' dir='ltr'><strong>permaneat</strong></span> <span class='ocrx_word' id='word_1_26' title='bbox 853 1220 889 1279; x_wconf 88' lang='lat' dir='ltr'><strong>et</strong></span> <span class='ocrx_word' id='word_1_27' title='bbox 911 1216 1039 1285; x_wconf 87' lang='lat' dir='ltr'><strong>effectu.</strong></span> 
     </span>
    </p>
   </div>
   <div class='ocr_carea' id='block_1_4' title="bbox 273 1455 1478 1573">
    <p class='ocr_par' dir='ltr' id='par_1_4' title="bbox 273 1455 1478 1573">
     <span class='ocr_line' id='line_1_5' title="bbox 273 1455 1478 1573; baseline 0.007 -34"><span class='ocrx_word' id='word_1_28' title='bbox 273 1455 386 1573; x_wconf 38' lang='grc' dir='ltr'><strong>Ῑξᾼξξῗῗ·</strong></span> <span class='ocrx_word' id='word_1_29' title='bbox 418 1472 1001 1545; x_wconf 77' lang='lat' dir='ltr'><strong>1005.—L1mrsirmrnss1rirrs</strong></span> <span class='ocrx_word' id='word_1_30' title='bbox 1024 1497 1196 1547; x_wconf 78' lang='lat' dir='ltr'><strong>cosessss</strong></span> <span class='ocrx_word' id='word_1_31' title='bbox 1219 1499 1287 1547; x_wconf 78' lang='lat' dir='ltr'><strong>Pus</strong></span> <span class='ocrx_word' id='word_1_32' title='bbox 1308 1483 1478 1549; x_wconf 80' lang='lat' dir='ltr'><strong>Puronsu.</strong></span> 
     </span>
    </p>
   </div>
   <div class='ocr_carea' id='block_1_5' title="bbox 609 1576 1477 1651">
    <p class='ocr_par' dir='ltr' id='par_1_5' title="bbox 609 1576 1477 1651">
     <span class='ocr_line' id='line_1_6' title="bbox 609 1576 1477 1651; baseline 0.013 -10"><span class='ocrx_word' id='word_1_33' title='bbox 609 1592 651 1641; x_wconf 87' lang='lat' dir='ltr'><strong>ur</strong></span> <span class='ocrx_word' id='word_1_34' title='bbox 695 1576 905 1645; x_wconf 78' lang='lat' dir='ltr'><strong>Osrmuauu</strong></span> <span class='ocrx_word' id='word_1_35' title='bbox 950 1598 1162 1648; x_wconf 78' lang='lat' dir='ltr'><strong>vsusussrcr</strong></span> <span class='ocrx_word' id='word_1_36' title='bbox 1208 1602 1292 1650; x_wconf 81' lang='lat' dir='ltr'><strong>vrso</strong></span> <span class='ocrx_word' id='word_1_37' title='bbox 1329 1586 1477 1651; x_wconf 73' lang='lat' dir='ltr'><strong>&#39;rsonae</strong></span> 
     </span>
    </p>
   </div>
   <div class='ocr_carea' id='block_1_6' title="bbox 246 1636 1108 1751">
    <p class='ocr_par' dir='ltr' id='par_1_6' title="bbox 246 1636 1108 1751">
     <span class='ocr_line' id='line_1_7' title="bbox 246 1636 1108 1751; baseline 0.01 -11"><span class='ocrx_word' id='word_1_38' title='bbox 246 1637 274 1687; x_wconf 53' lang='grc' dir='ltr'><strong>θ’</strong></span> <span class='ocrx_word' id='word_1_39' title='bbox 289 1636 367 1687; x_wconf 70' lang='lat'><strong>¹⁰⁴⁶&#39;</strong></span> <span class='ocrx_word' id='word_1_40' title='bbox 607 1675 799 1745; x_wconf 81' lang='lat' dir='ltr'><strong>Osswoans</strong></span> <span class='ocrx_word' id='word_1_41' title='bbox 823 1698 866 1745; x_wconf 81' lang='lat' dir='ltr'><strong>ar</strong></span> <span class='ocrx_word' id='word_1_42' title='bbox 887 1699 999 1747; x_wconf 79' lang='lat' dir='ltr'><strong>uxoru</strong></span> <span class='ocrx_word' id='word_1_43' title='bbox 1022 1701 1108 1751; x_wconf 79' lang='lat' dir='ltr'><strong>sus.</strong></span> 
     </span>
    </p>
   </div>
   <div class='ocr_carea' id='block_1_7' title="bbox 242 1760 352 1811">
    <p class='ocr_par' dir='ltr' id='par_1_7' title="bbox 242 1760 352 1811">
     <span class='ocr_line' id='line_1_8' title="bbox 242 1760 352 1811; baseline 0.027 -3"><span class='ocrx_word' id='word_1_44' title='bbox 242 1760 352 1811; x_wconf 81' lang='lat' dir='ltr'><strong>Thomas</strong></span> 
     </span>
    </p>
   </div>
   <div class='ocr_carea' id='block_1_8' title="bbox 242 1826 1476 1943">
    <p class='ocr_par' dir='ltr' id='par_1_8' title="bbox 242 1826 1476 1943">
     <span class='ocr_line' id='line_1_9' title="bbox 242 1826 1476 1943; baseline 0.017 -47"><span class='ocrx_word' id='word_1_45' title='bbox 242 1826 383 1943; x_wconf 50' lang='grc' dir='ltr'><strong>ξοξῧὲᾔῗθ</strong></span> <span class='ocrx_word' id='word_1_46' title='bbox 460 1839 543 1921; x_wconf 87' lang='lat' dir='ltr'><strong>(Sub</strong></span> <span class='ocrx_word' id='word_1_47' title='bbox 576 1840 684 1906; x_wconf 82' lang='lat' dir='ltr'><strong>forms</strong></span> <span class='ocrx_word' id='word_1_48' title='bbox 716 1849 884 1923; x_wconf 87' lang='lat' dir='ltr'><strong>consueta,</strong></span> <span class='ocrx_word' id='word_1_49' title='bbox 910 1844 977 1911; x_wconf 93' lang='lat' dir='ltr'><strong>hiis</strong></span> <span class='ocrx_word' id='word_1_50' title='bbox 999 1848 1190 1915; x_wconf 89' lang='lat' dir='ltr'><strong>nominibus</strong></span> <span class='ocrx_word' id='word_1_51' title='bbox 1225 1850 1476 1936; x_wconf 71' lang='lat' dir='ltr'><strong>infrascriptis:</strong></span> 
     </span>
    </p>
   </div>
   <div class='ocr_carea' id='block_1_9' title="bbox 242 1940 1473 2228">
    <p class='ocr_par' dir='ltr' id='par_1_9' title="bbox 242 1940 1473 2228">
     <span class='ocr_line' id='line_1_10' title="bbox 242 1940 1473 2035; baseline 0.009 -29"><span class='ocrx_word' id='word_1_52' title='bbox 242 1958 389 2021; x_wconf 69' lang='lat' dir='ltr'><strong>poetisn-</strong></span> <span class='ocrx_word' id='word_1_53' title='bbox 413 1948 430 1973; x_wconf 90' lang='lat'><strong>“</strong></span> <span class='ocrx_word' id='word_1_54' title='bbox 454 1940 521 2005; x_wconf 86' lang='lat' dir='ltr'><strong>Vos</strong></span> <span class='ocrx_word' id='word_1_55' title='bbox 556 1943 778 2009; x_wconf 88' lang='lat' dir='ltr'><strong>venerabilem</strong></span> <span class='ocrx_word' id='word_1_56' title='bbox 810 1945 973 2012; x_wconf 80' lang='lat' dir='ltr'><strong>&#39;l&#39;homam</strong></span> <span class='ocrx_word' id='word_1_57' title='bbox 997 1948 1196 2035; x_wconf 73' lang='lat' dir='ltr'><strong>chaucerys,</strong></span> <span class='ocrx_word' id='word_1_58' title='bbox 1220 1973 1288 2017; x_wconf 88' lang='lat' dir='ltr'><strong>una</strong></span> <span class='ocrx_word' id='word_1_59' title='bbox 1316 1974 1391 2018; x_wconf 89' lang='lat' dir='ltr'><strong>cum</strong></span> <span class='ocrx_word' id='word_1_60' title='bbox 1416 1954 1473 2017; x_wconf 89' lang='lat' dir='ltr'><strong>in-</strong></span> 
     </span>
     <span class='ocr_line' id='line_1_11' title="bbox 242 2022 1473 2140; baseline 0.012 -35"><span class='ocrx_word' id='word_1_61' title='bbox 242 2022 400 2140; x_wconf 50' lang='grc' dir='ltr'><strong>ξῖζεὲξξο</strong></span> <span class='ocrx_word' id='word_1_62' title='bbox 413 2051 429 2076; x_wconf 92' lang='lat'><strong>“</strong></span> <span class='ocrx_word' id='word_1_63' title='bbox 453 2041 533 2107; x_wconf 87' lang='lat' dir='ltr'><strong>olita</strong></span> <span class='ocrx_word' id='word_1_64' title='bbox 558 2042 695 2109; x_wconf 82' lang='lat' dir='ltr'><strong>Matilde</strong></span> <span class='ocrx_word' id='word_1_65' title='bbox 717 2046 900 2111; x_wconf 87' lang='lat' dir='ltr'><strong>conthorali</strong></span> <span class='ocrx_word' id='word_1_66' title='bbox 923 2054 1043 2127; x_wconf 80' lang='lat' dir='ltr'><strong>vestra,</strong></span> <span class='ocrx_word' id='word_1_67' title='bbox 1066 2052 1109 2116; x_wconf 90' lang='lat' dir='ltr'><strong>ad</strong></span> <span class='ocrx_word' id='word_1_68' title='bbox 1132 2053 1266 2138; x_wconf 87' lang='lat' dir='ltr'><strong>plenum</strong></span> <span class='ocrx_word' id='word_1_69' title='bbox 1299 2058 1473 2138; x_wconf 74' lang='lat' dir='ltr'><strong>perpetum</strong></span> 
     </span>
     <span class='ocr_line' id='line_1_12' title="bbox 242 2143 1473 2228; baseline 0.015 -25"><span class='ocrx_word' id='word_1_70' title='bbox 242 2154 366 2219; x_wconf 75' lang='lat' dir='ltr'><strong>nitywiu</strong></span> <span class='ocrx_word' id='word_1_71' title='bbox 413 2143 674 2209; x_wconf 85' lang='lat' dir='ltr'><strong>“fraternitatis</strong></span> <span class='ocrx_word' id='word_1_72' title='bbox 709 2154 830 2212; x_wconf 72' lang='lat' dir='ltr'><strong>nostrie</strong></span> <span class='ocrx_word' id='word_1_73' title='bbox 862 2150 1075 2228; x_wconf 79' lang='lat' dir='ltr'><strong>consortium,</strong></span> <span class='ocrx_word' id='word_1_74' title='bbox 1098 2152 1135 2216; x_wconf 91' lang='lat' dir='ltr'><strong>in</strong></span> <span class='ocrx_word' id='word_1_75' title='bbox 1167 2152 1304 2218; x_wconf 82' lang='lat' dir='ltr'><strong>sinceris</strong></span> <span class='ocrx_word' id='word_1_76' title='bbox 1340 2154 1473 2221; x_wconf 80' lang='lat' dir='ltr'><strong>Christi</strong></span> 
     </span>
    </p>
   </div>
   <div class='ocr_carea' id='block_1_10' title="bbox 241 2220 918 2340">
    <p class='ocr_par' dir='ltr' id='par_1_10' title="bbox 241 2220 918 2340">
     <span class='ocr_line' id='line_1_13' title="bbox 241 2220 918 2340; baseline -0.058 2"><span class='ocrx_word' id='word_1_77' title='bbox 241 2220 354 2340; x_wconf 54' lang='lat' dir='ltr'><strong>gildis,</strong></span> <span class='ocrx_word' id='word_1_78' title='bbox 413 2254 429 2278; x_wconf 93' lang='lat'>“</span> <span class='ocrx_word' id='word_1_79' title='bbox 454 2244 642 2323; x_wconf 88' lang='lat' dir='ltr'><strong>visceribus,</strong></span> <span class='ocrx_word' id='word_1_80' title='bbox 665 2248 918 2333; x_wconf 55' lang='lat' dir='ltr'><strong>admittimuffl)</strong></span> 
     </span>
    </p>
   </div>
   <div class='ocr_carea' id='block_1_11' title="bbox 251 2519 1468 2893">
    <p class='ocr_par' dir='ltr' id='par_1_11' title="bbox 268 2519 1467 2597">
     <span class='ocr_line' id='line_1_14' title="bbox 268 2519 1467 2597; baseline 0.005 -14"><span class='ocrx_word' id='word_1_81' title='bbox 268 2531 377 2597; x_wconf 79' lang='lat' dir='ltr'><strong>(irco.)</strong></span> <span class='ocrx_word' id='word_1_82' title='bbox 414 2519 842 2586; x_wconf 78' lang='lat' dir='ltr'><strong>1006.-Vuussss1s1sus</strong></span> <span class='ocrx_word' id='word_1_83' title='bbox 880 2536 923 2585; x_wconf 85' lang='lat' dir='ltr'><strong>ar</strong></span> <span class='ocrx_word' id='word_1_84' title='bbox 954 2537 1148 2587; x_wconf 81' lang='lat' dir='ltr'><strong>suarorosrs</strong></span> <span class='ocrx_word' id='word_1_85' title='bbox 1185 2540 1282 2587; x_wconf 90' lang='lat' dir='ltr'><strong>vuus</strong></span> <span class='ocrx_word' id='word_1_86' title='bbox 1320 2524 1467 2589; x_wconf 82' lang='lat' dir='ltr'><strong>Douma</strong></span> 
     </span>
    </p>

    <p class='ocr_par' dir='ltr' id='par_1_12' title="bbox 251 2622 1468 2893">
     <span class='ocr_line' id='line_1_15' title="bbox 251 2622 1468 2706; baseline 0.007 -23"><span class='ocrx_word' id='word_1_87' title='bbox 251 2652 394 2706; x_wconf 52' lang='lat' dir='ltr'><strong>hm,</strong></span> <span class='ocrx_word' id='word_1_88' title='bbox 590 2622 723 2687; x_wconf 79' lang='lat' dir='ltr'><strong>Asssrr</strong></span> <span class='ocrx_word' id='word_1_89' title='bbox 759 2639 800 2687; x_wconf 82' lang='lat' dir='ltr'><strong>nr</strong></span> <span class='ocrx_word' id='word_1_90' title='bbox 823 2622 1031 2687; x_wconf 82' lang='lat' dir='ltr'><strong>Oouvsurm</strong></span> <span class='ocrx_word' id='word_1_91' title='bbox 1063 2640 1110 2687; x_wconf 87' lang='lat' dir='ltr'><strong>os</strong></span> <span class='ocrx_word' id='word_1_92' title='bbox 1141 2623 1341 2703; x_wconf 75' lang='lat' dir='ltr'><strong>Turrensis,</strong></span> <span class='ocrx_word' id='word_1_93' title='bbox 1363 2642 1468 2691; x_wconf 76' lang='lat' dir='ltr'><strong>sums</strong></span> 
     </span>
     <span class='ocr_line' id='line_1_16' title="bbox 591 2723 1466 2801; baseline 0.007 -14"><span class='ocrx_word' id='word_1_94' title='bbox 591 2740 694 2788; x_wconf 84' lang='lat' dir='ltr'><strong>moro</strong></span> <span class='ocrx_word' id='word_1_95' title='bbox 718 2724 773 2789; x_wconf 87' lang='lat' dir='ltr'><strong>Ds</strong></span> <span class='ocrx_word' id='word_1_96' title='bbox 787 2723 893 2801; x_wconf 77' lang='lat' dir='ltr'><strong>voro,</strong></span> <span class='ocrx_word' id='word_1_97' title='bbox 917 2740 956 2789; x_wconf 83' lang='lat' dir='ltr'><strong>ru</strong></span> <span class='ocrx_word' id='word_1_98' title='bbox 979 2724 1297 2793; x_wconf 78' lang='lat' dir='ltr'><strong>H1srss1ssurc1s</strong></span> <span class='ocrx_word' id='word_1_99' title='bbox 1320 2744 1466 2793; x_wconf 79' lang='lat' dir='ltr'><strong>sosrrus</strong></span> 
     </span>
     <span class='ocr_line' id='line_1_17' title="bbox 590 2842 790 2893; baseline -0.005 0"><span class='ocrx_word' id='word_1_100' title='bbox 590 2842 790 2893; x_wconf 80' lang='lat' dir='ltr'><strong>cssrssnus.</strong></span> 
     </span>
    </p>
   </div>
   <div class='ocr_carea' id='block_1_12' title="bbox 236 2983 1503 4711">
    <p class='ocr_par' dir='ltr' id='par_1_13' title="bbox 236 2983 1503 4711">
     <span class='ocr_line' id='line_1_18' title="bbox 239 2983 1463 3102; baseline 0.004 -45"><span class='ocrx_word' id='word_1_101' title='bbox 239 2983 380 3102; x_wconf 47' lang='lat' dir='ltr'><strong>{mm</strong></span> <span class='ocrx_word' id='word_1_102' title='bbox 455 2993 642 3058; x_wconf 88' lang='lat' dir='ltr'><strong>Revercudi</strong></span> <span class='ocrx_word' id='word_1_103' title='bbox 679 2991 715 3057; x_wconf 90' lang='lat' dir='ltr'><strong>in</strong></span> <span class='ocrx_word' id='word_1_104' title='bbox 750 2991 884 3059; x_wconf 84' lang='lat' dir='ltr'><strong>Christo</strong></span> <span class='ocrx_word' id='word_1_105' title='bbox 922 2998 1041 3078; x_wconf 85' lang='lat' dir='ltr'><strong>patres,</strong></span> <span class='ocrx_word' id='word_1_106' title='bbox 1073 3000 1200 3060; x_wconf 84' lang='lat' dir='ltr'><strong>vestras</strong></span> <span class='ocrx_word' id='word_1_107' title='bbox 1246 2995 1463 3062; x_wconf 85' lang='lat' dir='ltr'><strong>Reverentias</strong></span> 
     </span>
     <span class='ocr_line' id='line_1_19' title="bbox 236 3094 1462 3184; baseline 0.003 -24"><span class='ocrx_word' id='word_1_108' title='bbox 236 3117 280 3166; x_wconf 64' lang='lat' dir='ltr'><strong>ise</strong></span> <span class='ocrx_word' id='word_1_109' title='bbox 293 3117 381 3168; x_wconf 63' lang='lat' dir='ltr'><strong>Assos</strong></span> <span class='ocrx_word' id='word_1_110' title='bbox 409 3095 572 3161; x_wconf 89' lang='lat' dir='ltr'><strong>credimus</strong></span> <span class='ocrx_word' id='word_1_111' title='bbox 595 3116 662 3161; x_wconf 89' lang='lat' dir='ltr'><strong>non</strong></span> <span class='ocrx_word' id='word_1_112' title='bbox 685 3094 786 3160; x_wconf 82' lang='lat' dir='ltr'><strong>latere</strong></span> <span class='ocrx_word' id='word_1_113' title='bbox 816 3099 979 3180; x_wconf 77' lang='lat' dir='ltr'><strong>quatenus</strong></span> <span class='ocrx_word' id='word_1_114' title='bbox 1002 3096 1043 3161; x_wconf 89' lang='lat' dir='ltr'><strong>dc</strong></span> <span class='ocrx_word' id='word_1_115' title='bbox 1073 3117 1138 3162; x_wconf 91' lang='lat' dir='ltr'><strong>nou</strong></span> <span class='ocrx_word' id='word_1_116' title='bbox 1163 3097 1292 3163; x_wconf 90' lang='lat' dir='ltr'><strong>modica</strong></span> <span class='ocrx_word' id='word_1_117' title='bbox 1313 3099 1462 3184; x_wconf 88' lang='lat' dir='ltr'><strong>pecuniae</strong></span> 
     </span>
     <span class='ocr_line' id='line_1_20' title="bbox 236 3184 1463 3300; baseline 0.002 -39"><span class='ocrx_word' id='word_1_118' title='bbox 236 3184 605 3300; x_wconf 56' lang='lat' dir='ltr'><strong>ffiffiffi‘iquautitate,</strong></span> <span class='ocrx_word' id='word_1_119' title='bbox 629 3197 670 3262; x_wconf 89' lang='lat' dir='ltr'><strong>de</strong></span> <span class='ocrx_word' id='word_1_120' title='bbox 692 3197 833 3282; x_wconf 81' lang='lat' dir='ltr'><strong>quedam</strong></span> <span class='ocrx_word' id='word_1_121' title='bbox 858 3217 970 3261; x_wconf 87' lang='lat' dir='ltr'><strong>annus</strong></span> <span class='ocrx_word' id='word_1_122' title='bbox 999 3199 1154 3284; x_wconf 82' lang='lat' dir='ltr'><strong>pensione</strong></span> <span class='ocrx_word' id='word_1_123' title='bbox 1176 3199 1354 3264; x_wconf 86' lang='lat' dir='ltr'><strong>tresdecem</strong></span> <span class='ocrx_word' id='word_1_124' title='bbox 1377 3223 1463 3264; x_wconf 84' lang='lat' dir='ltr'><strong>mar·</strong></span> 
     </span>
     <span class='ocr_line' id='line_1_21' title="bbox 382 3287 1503 3373; baseline 0 -9"><span class='ocrx_word' id='word_1_125' title='bbox 382 3287 527 3373; x_wconf 70' lang='lat' dir='ltr'><strong>&#39;carum</strong></span> <span class='ocrx_word' id='word_1_126' title='bbox 551 3297 645 3363; x_wconf 88' lang='lat' dir='ltr'><strong>nobis</strong></span> <span class='ocrx_word' id='word_1_127' title='bbox 677 3303 711 3362; x_wconf 87' lang='lat' dir='ltr'><strong>et</strong></span> <span class='ocrx_word' id='word_1_128' title='bbox 742 3296 894 3363; x_wconf 70' lang='lat' dir='ltr'><strong>Ecclesia</strong></span> <span class='ocrx_word' id='word_1_129' title='bbox 925 3303 1046 3364; x_wconf 82' lang='lat' dir='ltr'><strong>nostrae</strong></span> <span class='ocrx_word' id='word_1_130' title='bbox 1068 3299 1242 3364; x_wconf 80' lang='lat' dir='ltr'><strong>annuatim</strong></span> <span class='ocrx_word' id='word_1_131' title='bbox 1264 3300 1308 3364; x_wconf 86' lang='lat' dir='ltr'><strong>ad</strong></span> <span class='ocrx_word' id='word_1_132' title='bbox 1339 3300 1460 3365; x_wconf 83' lang='lat' dir='ltr'><strong>festum</strong></span> <span class='ocrx_word' id='word_1_133' title='bbox 1492 3321 1503 3332; x_wconf 74' lang='grc'>’</span> 
     </span>
     <span class='ocr_line' id='line_1_22' title="bbox 405 3397 1461 3481; baseline 0.004 -19"><span class='ocrx_word' id='word_1_134' title='bbox 405 3398 607 3464; x_wconf 89' lang='lat' dir='ltr'><strong>Nativitatis</strong></span> <span class='ocrx_word' id='word_1_135' title='bbox 645 3397 757 3464; x_wconf 83' lang='lat' dir='ltr'><strong>Bestae</strong></span> <span class='ocrx_word' id='word_1_136' title='bbox 796 3399 910 3464; x_wconf 81' lang='lat' dir='ltr'><strong>Marias</strong></span> <span class='ocrx_word' id='word_1_137' title='bbox 955 3399 1077 3477; x_wconf 80' lang='lat' dir='ltr'><strong>debite,</strong></span> <span class='ocrx_word' id='word_1_138' title='bbox 1122 3422 1143 3466; x_wconf 82' lang='lat' dir='ltr'><strong>a</strong></span> <span class='ocrx_word' id='word_1_139' title='bbox 1179 3406 1267 3466; x_wconf 87' lang='lat' dir='ltr'><strong>retro</strong></span> <span class='ocrx_word' id='word_1_140' title='bbox 1306 3401 1461 3481; x_wconf 84' lang='lat' dir='ltr'><strong>existitis,</strong></span> 
     </span>
     <span class='ocr_line' id='line_1_23' title="bbox 404 3500 1460 3588; baseline 0.004 -22"><span class='ocrx_word' id='word_1_141' title='bbox 404 3501 503 3566; x_wconf 87' lang='lat' dir='ltr'><strong>sicuti</strong></span> <span class='ocrx_word' id='word_1_142' title='bbox 526 3501 563 3565; x_wconf 90' lang='lat' dir='ltr'><strong>in</strong></span> <span class='ocrx_word' id='word_1_143' title='bbox 585 3501 728 3585; x_wconf 87' lang='lat' dir='ltr'><strong>quadam</strong></span> <span class='ocrx_word' id='word_1_144' title='bbox 752 3500 909 3566; x_wconf 79' lang='lat' dir='ltr'><strong>schedula</strong></span> <span class='ocrx_word' id='word_1_145' title='bbox 931 3501 1114 3580; x_wconf 77' lang='lat' dir='ltr'><strong>indentata</strong></span> <span class='ocrx_word' id='word_1_146' title='bbox 1138 3524 1238 3588; x_wconf 88' lang='lat' dir='ltr'><strong>quam</strong></span> <span class='ocrx_word' id='word_1_147' title='bbox 1260 3503 1460 3570; x_wconf 86' lang='lat' dir='ltr'><strong>tradidimus</strong></span> 
     </span>
     <span class='ocr_line' id='line_1_24' title="bbox 405 3601 1459 3690; baseline 0.006 -24"><span class='ocrx_word' id='word_1_148' title='bbox 405 3602 525 3668; x_wconf 88' lang='lat' dir='ltr'><strong>dilecto</strong></span> <span class='ocrx_word' id='word_1_149' title='bbox 548 3602 643 3667; x_wconf 91' lang='lat' dir='ltr'><strong>nobis</strong></span> <span class='ocrx_word' id='word_1_150' title='bbox 658 3601 806 3668; x_wconf 86' lang='lat' dir='ltr'><strong>Waltero</strong></span> <span class='ocrx_word' id='word_1_151' title='bbox 822 3602 986 3688; x_wconf 87' lang='lat' dir='ltr'><strong>Whyttcu</strong></span> <span class='ocrx_word' id='word_1_152' title='bbox 1006 3609 1176 3670; x_wconf 83' lang='lat' dir='ltr'><strong>attornato</strong></span> <span class='ocrx_word' id='word_1_153' title='bbox 1191 3610 1312 3682; x_wconf 78' lang='lat' dir='ltr'><strong>nostro,</strong></span> <span class='ocrx_word' id='word_1_154' title='bbox 1328 3605 1459 3690; x_wconf 90' lang='lat' dir='ltr'><strong>plenius</strong></span> 
     </span>
     <span class='ocr_line' id='line_1_25' title="bbox 405 3705 1460 3793; baseline 0.003 -24"><span class='ocrx_word' id='word_1_155' title='bbox 405 3705 612 3781; x_wconf 85' lang='lat' dir='ltr'><strong>continetur3</strong></span> <span class='ocrx_word' id='word_1_156' title='bbox 645 3705 867 3790; x_wconf 81' lang='lat' dir='ltr'><strong>quemobrem,</strong></span> <span class='ocrx_word' id='word_1_157' title='bbox 901 3727 941 3770; x_wconf 86' lang='lat' dir='ltr'><strong>ea</strong></span> <span class='ocrx_word' id='word_1_158' title='bbox 971 3705 1144 3772; x_wconf 87' lang='lat' dir='ltr'><strong>affectione</strong></span> <span class='ocrx_word' id='word_1_159' title='bbox 1179 3728 1245 3791; x_wconf 89' lang='lat' dir='ltr'><strong>qua</strong></span> <span class='ocrx_word' id='word_1_160' title='bbox 1275 3729 1460 3793; x_wconf 89' lang='lat' dir='ltr'><strong>possumus,</strong></span> 
     </span>
     <span class='ocr_line' id='line_1_26' title="bbox 405 3806 1458 3893; baseline 0.006 -23"><span class='ocrx_word' id='word_1_161' title='bbox 405 3827 464 3870; x_wconf 88' lang='lat' dir='ltr'><strong>vos</strong></span> <span class='ocrx_word' id='word_1_162' title='bbox 502 3806 698 3892; x_wconf 84' lang='lat' dir='ltr'><strong>requirimus</strong></span> <span class='ocrx_word' id='word_1_163' title='bbox 736 3811 771 3870; x_wconf 91' lang='lat' dir='ltr'><strong>et</strong></span> <span class='ocrx_word' id='word_1_164' title='bbox 809 3828 973 3893; x_wconf 82' lang='lat' dir='ltr'><strong>rogamus.</strong></span> <span class='ocrx_word' id='word_1_165' title='bbox 1012 3814 1177 3893; x_wconf 86' lang='lat' dir='ltr'><strong>quatenus</strong></span> <span class='ocrx_word' id='word_1_166' title='bbox 1215 3809 1256 3873; x_wconf 89' lang='lat' dir='ltr'><strong>de</strong></span> <span class='ocrx_word' id='word_1_167' title='bbox 1293 3809 1458 3876; x_wconf 89' lang='lat' dir='ltr'><strong>solutione</strong></span> 
     </span>
     <span class='ocr_line' id='line_1_27' title="bbox 403 3907 1454 3998; baseline 0.005 -26"><span class='ocrx_word' id='word_1_168' title='bbox 403 3907 500 3973; x_wconf 79' lang='lat' dir='ltr'><strong>dictae</strong></span> <span class='ocrx_word' id='word_1_169' title='bbox 532 3909 680 3994; x_wconf 81' lang='lat' dir='ltr'><strong>pecuniae</strong></span> <span class='ocrx_word' id='word_1_170' title='bbox 703 3908 815 3973; x_wconf 90' lang='lat' dir='ltr'><strong>velitis</strong></span> <span class='ocrx_word' id='word_1_171' title='bbox 842 3909 1058 3976; x_wconf 81' lang='lat' dir='ltr'><strong>effectualiter</strong></span> <span class='ocrx_word' id='word_1_172' title='bbox 1081 3915 1116 3975; x_wconf 90' lang='lat' dir='ltr'><strong>et</strong></span> <span class='ocrx_word' id='word_1_173' title='bbox 1138 3910 1313 3977; x_wconf 83' lang='lat' dir='ltr'><strong>efficaciter</strong></span> <span class='ocrx_word' id='word_1_174' title='bbox 1344 3913 1454 3998; x_wconf 86' lang='lat' dir='ltr'><strong>provi-</strong></span> 
     </span>
     <span class='ocr_line' id='line_1_28' title="bbox 403 4009 1455 4098; baseline 0.005 -25"><span class='ocrx_word' id='word_1_175' title='bbox 403 4009 486 4086; x_wconf 89' lang='lat' dir='ltr'><strong>dere,</strong></span> <span class='ocrx_word' id='word_1_176' title='bbox 521 4015 620 4096; x_wconf 91' lang='lat' dir='ltr'><strong>prout</strong></span> <span class='ocrx_word' id='word_1_177' title='bbox 651 4015 769 4074; x_wconf 76' lang='lat' dir='ltr'><strong>vestire</strong></span> <span class='ocrx_word' id='word_1_178' title='bbox 805 4010 970 4075; x_wconf 87' lang='lat' dir='ltr'><strong>honestati</strong></span> <span class='ocrx_word' id='word_1_179' title='bbox 1001 4012 1153 4098; x_wconf 87' lang='lat' dir='ltr'><strong>congruit</strong></span> <span class='ocrx_word' id='word_1_180' title='bbox 1191 4019 1225 4076; x_wconf 88' lang='lat' dir='ltr'><strong>ct</strong></span> <span class='ocrx_word' id='word_1_181' title='bbox 1258 4011 1382 4089; x_wconf 90' lang='lat' dir='ltr'><strong>honori,</strong></span> <span class='ocrx_word' id='word_1_182' title='bbox 1413 4036 1455 4078; x_wconf 88' lang='lat' dir='ltr'><strong>ne</strong></span> 
     </span>
     <span class='ocr_line' id='line_1_29' title="bbox 403 4111 1456 4196; baseline 0.007 -22"><span class='ocrx_word' id='word_1_183' title='bbox 403 4133 461 4196; x_wconf 92' lang='lat' dir='ltr'><strong>pro</strong></span> <span class='ocrx_word' id='word_1_184' title='bbox 498 4111 641 4176; x_wconf 89' lang='lat' dir='ltr'><strong>remedio</strong></span> <span class='ocrx_word' id='word_1_185' title='bbox 679 4111 800 4176; x_wconf 85' lang='lat' dir='ltr'><strong>debitae</strong></span> <span class='ocrx_word' id='word_1_186' title='bbox 835 4112 1039 4177; x_wconf 80' lang='lat' dir='ltr'><strong>executionis</strong></span> <span class='ocrx_word' id='word_1_187' title='bbox 1076 4113 1239 4179; x_wconf 68' lang='lat' dir='ltr'><strong>habendae</strong></span> <span class='ocrx_word' id='word_1_188' title='bbox 1270 4114 1315 4180; x_wconf 91' lang='lat' dir='ltr'><strong>ad</strong></span> <span class='ocrx_word' id='word_1_189' title='bbox 1335 4114 1456 4181; x_wconf 86' lang='lat' dir='ltr'><strong>altiora</strong></span> 
     </span>
     <span class='ocr_line' id='line_1_30' title="bbox 401 4213 1455 4302; baseline 0.003 -22"><span class='ocrx_word' id='word_1_190' title='bbox 401 4213 545 4280; x_wconf 89' lang='lat' dir='ltr'><strong>remedia</strong></span> <span class='ocrx_word' id='word_1_191' title='bbox 579 4233 742 4280; x_wconf 82' lang='lat' dir='ltr'><strong>recurrere</strong></span> <span class='ocrx_word' id='word_1_192' title='bbox 765 4214 941 4280; x_wconf 84' lang='lat' dir='ltr'><strong>necessitas</strong></span> <span class='ocrx_word' id='word_1_193' title='bbox 972 4236 1032 4279; x_wconf 92' lang='lat' dir='ltr'><strong>nos</strong></span> <span class='ocrx_word' id='word_1_194' title='bbox 1054 4215 1238 4301; x_wconf 85' lang='lat' dir='ltr'><strong>compellat.</strong></span> <span class='ocrx_word' id='word_1_195' title='bbox 1284 4217 1343 4282; x_wconf 87' lang='lat' dir='ltr'><strong>Set</strong></span> <span class='ocrx_word' id='word_1_196' title='bbox 1376 4219 1455 4302; x_wconf 87' lang='lat' dir='ltr'><strong>quia</strong></span> 
     </span>
     <span class='ocr_line' id='line_1_31' title="bbox 402 4314 1452 4398; baseline 0.004 -18"><span class='ocrx_word' id='word_1_197' title='bbox 402 4316 537 4382; x_wconf 88' lang='lat' dir='ltr'><strong>malitiae</strong></span> <span class='ocrx_word' id='word_1_198' title='bbox 571 4314 750 4380; x_wconf 88' lang='lat' dir='ltr'><strong>mundialis</strong></span> <span class='ocrx_word' id='word_1_199' title='bbox 781 4315 965 4381; x_wconf 84' lang='lat' dir='ltr'><strong>adversitas</strong></span> <span class='ocrx_word' id='word_1_200' title='bbox 997 4323 1113 4382; x_wconf 90' lang='lat' dir='ltr'><strong>contra</strong></span> <span class='ocrx_word' id='word_1_201' title='bbox 1144 4340 1213 4389; x_wconf 86' lang='lat' dir='ltr'><strong>vos.</strong></span> <span class='ocrx_word' id='word_1_202' title='bbox 1251 4324 1291 4383; x_wconf 89' lang='lat' dir='ltr'><strong>ut</strong></span> <span class='ocrx_word' id='word_1_203' title='bbox 1322 4319 1452 4398; x_wconf 88' lang='lat' dir='ltr'><strong>dicitur,</strong></span> 
     </span>
     <span class='ocr_line' id='line_1_32' title="bbox 400 4415 1454 4506; baseline 0.002 -22"><span class='ocrx_word' id='word_1_204' title='bbox 400 4418 628 4506; x_wconf 88' lang='lat' dir='ltr'><strong>multipliciter</strong></span> <span class='ocrx_word' id='word_1_205' title='bbox 662 4415 819 4495; x_wconf 84' lang='lat' dir='ltr'><strong>excrevit,</strong></span> <span class='ocrx_word' id='word_1_206' title='bbox 843 4418 962 4482; x_wconf 86' lang='lat' dir='ltr'><strong>restris</strong></span> <span class='ocrx_word' id='word_1_207' title='bbox 991 4418 1151 4483; x_wconf 89' lang='lat' dir='ltr'><strong>molestiis</strong></span> <span class='ocrx_word' id='word_1_208' title='bbox 1184 4421 1345 4486; x_wconf 80' lang='lat' dir='ltr'><strong>visoeroso</strong></span> <span class='ocrx_word' id='word_1_209' title='bbox 1367 4443 1454 4488; x_wconf 89' lang='lat' dir='ltr'><strong>com-</strong></span> 
     </span>
     <span class='ocr_line' id='line_1_33' title="bbox 398 4521 1451 4612; baseline 0.002 -22"><span class='ocrx_word' id='word_1_210' title='bbox 398 4525 562 4612; x_wconf 86' lang='lat' dir='ltr'><strong>patientes</strong></span> <span class='ocrx_word' id='word_1_211' title='bbox 600 4521 730 4598; x_wconf 85' lang='lat' dir='ltr'><strong>affectu,</strong></span> <span class='ocrx_word' id='word_1_212' title='bbox 777 4527 905 4587; x_wconf 88' lang='lat' dir='ltr'><strong>vestras</strong></span> <span class='ocrx_word' id='word_1_213' title='bbox 945 4523 1149 4588; x_wconf 85' lang='lat' dir='ltr'><strong>reverentias</strong></span> <span class='ocrx_word' id='word_1_214' title='bbox 1195 4524 1347 4590; x_wconf 87' lang='lat' dir='ltr'><strong>volumus</strong></span> <span class='ocrx_word' id='word_1_215' title='bbox 1383 4547 1451 4592; x_wconf 90' lang='lat' dir='ltr'><strong>non</strong></span> 
     </span>
     <span class='ocr_line' id='line_1_34' title="bbox 397 4623 1451 4711; baseline 0.004 -21"><span class='ocrx_word' id='word_1_216' title='bbox 397 4627 508 4704; x_wconf 81' lang='lat' dir='ltr'><strong>lutere,</strong></span> <span class='ocrx_word' id='word_1_217' title='bbox 532 4625 619 4709; x_wconf 90' lang='lat' dir='ltr'><strong>quod</strong></span> <span class='ocrx_word' id='word_1_218' title='bbox 655 4623 683 4687; x_wconf 88' lang='lat' dir='ltr'><strong>si</strong></span> <span class='ocrx_word' id='word_1_219' title='bbox 705 4623 873 4708; x_wconf 86' lang='lat' dir='ltr'><strong>arrersgia</strong></span> <span class='ocrx_word' id='word_1_220' title='bbox 894 4644 1016 4688; x_wconf 82' lang='lat' dir='ltr'><strong>annuae</strong></span> <span class='ocrx_word' id='word_1_221' title='bbox 1039 4624 1207 4711; x_wconf 88' lang='lat' dir='ltr'><strong>pensionis</strong></span> <span class='ocrx_word' id='word_1_222' title='bbox 1242 4627 1408 4711; x_wconf 76' lang='lat' dir='ltr'><strong>praedictse</strong></span> <span class='ocrx_word' id='word_1_223' title='bbox 1430 4651 1451 4694; x_wconf 89' lang='lat' dir='ltr'><strong>a</strong></span> 
     </span>
    </p>
   </div>
   <div class='ocr_carea' id='block_1_13' title="bbox 398 4723 1450 4820">
    <p class='ocr_par' dir='ltr' id='par_1_14' title="bbox 398 4723 1450 4820">
     <span class='ocr_line' id='line_1_35' title="bbox 398 4723 1450 4820; baseline 0.008 -28"><span class='ocrx_word' id='word_1_224' title='bbox 398 4726 492 4797; x_wconf 81' lang='lat' dir='ltr'><strong>robis</strong></span> <span class='ocrx_word' id='word_1_225' title='bbox 525 4725 620 4797; x_wconf 88' lang='lat' dir='ltr'><strong>uobis</strong></span> <span class='ocrx_word' id='word_1_226' title='bbox 659 4723 780 4800; x_wconf 86' lang='lat' dir='ltr'><strong>debita,</strong></span> <span class='ocrx_word' id='word_1_227' title='bbox 815 4725 901 4804; x_wconf 82' lang='lat' dir='ltr'><strong>inira</strong></span> <span class='ocrx_word' id='word_1_228' title='bbox 932 4725 1015 4796; x_wconf 88' lang='lat' dir='ltr'><strong>duos</strong></span> <span class='ocrx_word' id='word_1_229' title='bbox 1045 4747 1151 4795; x_wconf 87' lang='lat' dir='ltr'><strong>anuos</strong></span> <span class='ocrx_word' id='word_1_230' title='bbox 1184 4729 1351 4817; x_wconf 79' lang='lat' dir='ltr'><strong>prosimos</strong></span> <span class='ocrx_word' id='word_1_231' title='bbox 1378 4731 1450 4820; x_wconf 76' lang='lat' dir='ltr'><strong>jam</strong></span> 
     </span>
    </p>
   </div>
   <div class='ocr_carea' id='block_1_14' title="bbox 0 0 1680 5800">
    <p class='ocr_par' dir='ltr' id='par_1_15' title="bbox 0 0 1680 5800">
     <span class='ocr_line' id='line_1_36' title="bbox 0 0 1680 5800; baseline 0 8"><span class='ocrx_word' id='word_1_232' title='bbox 0 0 1680 5800; x_wconf 95' lang='lat' dir='ltr'><strong> </strong></span> 
     </span>
    </p>
   </div>
  </div>
 </body>
</html>
