3350 5800
431 919 497 986 374
872 937 1062 988 nsrnrmx.

430 1131 609 1188 Monastsrio
627 1131 684 1203 ipsi
702 1131 880 1188 Dororrensi
897 1137 929 1187 et
946 1130 1098 1186 monachis
1117 1131 1149 1184 in
1166 1148 1201 1185 eo
1219 1129 1340 1185 Christo
1357 1129 1479 1184 servien-

431 1213 510 1268 tibus
528 1221 559 1269 et
577 1214 730 1269 servituris
748 1216 941 1285 imposterum
960 1214 1147 1268 comedimus
1165 1220 1196 1267 et
1213 1213 1270 1267 hac
1287 1218 1370 1266 carta
1386 1219 1481 1266 nostra

431 1297 651 1362 confirmamus,
684 1296 726 1352 ita
752 1302 786 1352 nt
804 1296 962 1352 decedente
992 1296 1100 1350 dilecto
1127 1296 1188 1350 filio
1214 1302 1317 1350 nostro
1343 1293 1481 1364 Magistro

431 1379 586 1451 Radulpho
604 1380 639 1434 do
658 1379 762 1444 snrie,
782 1380 834 1450 qui
848 1380 911 1451 jam
936 1379 1046 1434 dictam
1073 1385 1155 1434 tenet
1180 1378 1376 1449 prebendam,
1395 1377 1481 1431 libera

430 1463 517 1518 liceat
536 1463 701 1536 saepedictis
728 1464 881 1518 monachis
906 1462 1029 1518 eandem
1056 1463 1245 1532 prebendam
1271 1463 1304 1515 in
1328 1478 1480 1516 usussuos

430 1551 608 1608 convertero,
626 1552 658 1602 at
675 1547 710 1602 ds
735 1547 839 1602 eadem
865 1545 903 1600 ad
927 1545 1143 1615 beneplacitum
1171 1561 1267 1609 suum,
1287 1550 1319 1598 et
1346 1543 1479 1598 Ecclesia

429 1647 491 1686 suas
510 1630 681 1695 utilitatem,
699 1631 861 1686 secundnm
879 1631 984 1694 Deum,
1006 1629 1070 1685 sine
1087 1628 1317 1684 contradictione
1344 1629 1479 1698 qualibet,

430 1713 572 1768 ordinare.
609 1713 683 1768 Haeo
701 1712 794 1784 igitur
819 1713 920 1768 omnia
945 1713 1079 1783 superius
1105 1712 1316 1783 comprehensa
1341 1711 1426 1764 firma
1450 1716 1480 1764 et

429 1797 547 1850 stabilia
564 1813 735 1868 permanere
752 1796 956 1860 decernimus,
975 1801 1146 1860 statuentes,
1165 1800 1197 1849 et
1215 1795 1270 1850 snb
1287 1793 1478 1848 anathematis

429 1877 613 1935 intimatione
633 1879 810 1944 inhibentes,
828 1897 865 1934 ne
883 1880 960 1950 quis,
980 1887 1038 1934 etc.

463 1962 613 2018 Testibus:
634 1962 778 2034 Magistro
797 1961 931 2027 Girardo,
958 1961 1106 2018 Willahno
1131 1961 1347 2018 Archidiaoono
1364 1961 1478 2016 Glooes·

425 2044 539 2112 transi,l
557 2043 702 2114 Magistro
721 2044 849 2100 Boberto
874 2044 912 2098 da
930 2044 1111 2114 Inglesham,
1131 2044 1276 2114 Magistro
1300 2042 1427 2114 Rogerio
1442 2043 1478 2096 de

426 2128 583 2192 Boreston,
605 2125 733 2196 Rogerio
751 2127 888 2199 Nor-aye,
909 2126 1059 2183 Willelmo
1078 2127 1114 2181 de
1133 2127 1342 2194 Schotindone,
1356 2125 1478 2182 Ricardo

425 2219 456 2270 et
473 2211 608 2271 (ialfrido
625 2210 758 2278 clericis,
779 2211 891 2268 Thema
908 2211 944 2267 de
962 2212 1123 2279 Neuesole,
1142 2219 1173 2268 et
1190 2212 1267 2270 aliis.

281 2533 380 2578 terune
452 2509 732 2566 tid-Ouarnusno
751 2507 840 2564 Rsais
857 2507 978 2563 Assum
996 2519 1083 2560 aaran
1101 2505 1241 2560 Eocnssrs
1259 2505 1450 2561 Dovonnsnsn

256 2659 279 2705 z.
289 2590 376 2712 nliiin
459 2645 607 2700 Johannes
626 2641 681 2698 Dei
706 2641 803 2713 gratia
819 2642 884 2697 Rex
903 2639 1031 2711 Angliae,
1051 2646 1108 2695 etc.
1126 2638 1372 2711 Archiepisoopis,
1391 2639 1474 2709 Epis·

422 2743 521 2799 copus,
539 2733 595 2781 eto.
633 2724 740 2781 Sciatis
770 2742 822 2780 nos
852 2722 1027 2778 concessisse
1053 2729 1084 2777 et
1101 2722 1296 2785 confirmasse,
1317 2720 1349 2775 in
1366 2723 1474 2777 elemo-

253 2789 379 2884 gggdgma·
422 2810 515 2866 'inm
541 2815 572 2864 gt
597 2815 769 2881 pop-petuam
794 2805 1017 2879 possessionem,
1045 2806 1116 2869 Deo,
1143 2811 1175 2860 et
1202 2804 1343 2859 Ecclefliae
1360 2804 1474 2860 Christi

252 2855 390 2985 ffiiffidffl
423 2892 637 2958 Oantuariensi,
658 2899 689 2948 et
716 2889 944 2963 Archiepiscopo
962 2887 1107 2955 Huberto,
1140 2895 1172 2943 et
1196 2887 1334 2943 omnibus
1358 2906 1474 2945 sueces-

251 2993 347 3036 nthert
422 2977 537 3035 soribns
568 2974 632 3045 ejus
672 2974 729 3030 sibi
768 2973 907 3029 canonice
940 2970 1162 3037 substituendis,
1194 2971 1357 3026 Ecclesiam
1387 2971 1475 3028 Beati

251 3042 409 3141 {fflfflff
420 3059 544 3116 Martini
562 3060 598 3114 de
617 3061 758 3125 Dovorra,
779 3074 847 3112 cnm
866 3055 1003 3110 omnibus
1039 3072 1106 3125 quae
1124 3054 1162 3108 ad
1180 3070 1245 3107 eam
1262 3054 1412 3125 pertinent
1440 3055 1473 3110 in

251 3142 339 3187 ffi⁰i¹¹¹⁰
420 3150 499 3200 terra
517 3150 547 3197 et
565 3142 597 3197 in
615 3140 699 3206 mari,
714 3140 746 3195 in
764 3140 910 3202 theloneo,
920 3156 989 3193 cum
1001 3136 1096 3192 veteri
1108 3136 1222 3191 decima
1234 3136 1380 3203 allecium,
1394 3140 1477 3203 eser

251 3194 392 3295 :madan
419 3246 472 3299 pro
497 3224 595 3281 anima
622 3223 713 3294 Regis
740 3220 863 3277 Henrici
891 3220 940 3275 ari
958 3219 1051 3291 patris
1069 3220 1163 3276 nostri
1180 3218 1313 3289 ejusdem
1332 3222 1475 3277 Ecclesia

249 3294 370 3389 ffiiin
417 3308 507 3383 primi
535 3306 692 3373 donatoris,
713 3311 744 3360 et
770 3323 823 3376 pro
841 3303 940 3359 anima
958 3302 1050 3374 Regis
1068 3301 1191 3358 Henrici
1209 3301 1301 3373 patris
1319 3302 1422 3370 nostri,
1444 3312 1475 3360 et

251 3393 393 3489 fflefflffiu·
417 3412 469 3465 pro
486 3391 587 3447 anima
605 3374 696 3461 tegis
721 3387 842 3444 Ricardi
862 3386 964 3443 fratris
982 3385 1085 3454 nostri,
1105 3393 1161 3442 stc.
1198 3386 1294 3456 Quare
1321 3388 1475 3455 volumus,

251 3450 393 3540 inanimi&
416 3481 472 3531 eto.
501 3474 580 3530 sicut
604 3479 686 3528 carta
712 3468 837 3525 Hanrici
863 3468 954 3540 Regis
971 3468 1064 3541 patris
1083 3468 1177 3525 nostri
1195 3473 1327 3523 metatur.
1363 3470 1473 3527 Teste:

247 3544 327 3591 ”W-
416 3557 462 3614 w.
482 3554 680 3612 Inndoniensi
705 3560 735 3609 a
754 3554 788 3609 e.
808 3551 940 3609 sonem
967 3549 1131 3624 episeopis,
1151 3550 1285 3607 saraia
1302 3550 1363 3605 sno
1388 3553 1475 3608 set-n

417 3640 531 3695 Gonia
559 3638 698 3705 Essexias,
730 3636 878 3691 Willelmo
905 3633 1072 3690 Mariscalio
1100 3633 1214 3690 comite
1243 3634 1279 3687 de
1306 3634 1474 3703 Penbroke,

415 3722 542 3793 Hugone
579 3720 667 3786 Bard,
701 3718 850 3791 Stephano
879 3717 916 3773 de
945 3718 1123 3772 Tumeham.
1160 3718 1244 3783 Data,
1272 3734 1324 3786 per
1347 3733 1474 3773 manum

415 3804 543 3861 Huberti
571 3801 791 3860 Cantuariensis
810 3800 948 3872 Episcopi
966 3800 1144 3856 cancellarii
1169 3801 1272 3867 nostri,
1298 3800 1375 3871 apud
1401 3801 1474 3857 Sor·

413 3890 494 3955 ham,
514 3886 585 3958 xrj²⁰
604 3886 651 3943 die
670 3883 764 3955 Junii,
784 3883 870 3955 regni
887 3882 982 3939 nostri
998 3899 1075 3940 anno
1094 3882 1199 3956 primo.

276 4156 365 4254 Ἢ·
502 4170 914 4229 31.-00mrnrnau10nun
932 4170 1141 4225 Morscnonou
1160 4169 1387 4226 Doromsnnn.

450 4292 610 4364 Gregorius
635 4290 806 4364 Episcopus,
834 4290 943 4347 Servus
972 4307 1133 4356 servorum,
1165 4294 1221 4346 eto.
1251 4289 1367 4346 dilectis
1396 4290 1472 4346 filiis

240 4336 359 4389 mm
413 4378 511 4435 Priori
544 4385 576 4435 st
601 4374 766 4433 Conventui
793 4372 966 4431 Monasterii
994 4373 1096 4429 Sancti
1123 4373 1247 4430 Martini
1277 4374 1315 4431 de
1340 4376 1471 4442 Davom.

242 4410 305 4465 Popa

241 4462 345 4517 Gregory
356 4466 398 4511 IX.

240 4515 322 4564 raguel

239 4526 392 4615 exennistts
445 4623 533 4673 ,Ἕως
562 4637 613 4671 m
639 4618 749 4672 william
778 4616 913 4667 Nonhffle
997 4615 1229 4679 tThegnpflhere
1245 4625 1378 4681 represent
1395 4618 1475 4669 those

411 4704 468 4753 who
491 4702 626 4751 wimessed
645 4697 809 4761 Archbisbop
829 4697 913 4746 Theo·
965 4701 1038 4759 para
1066 4696 1095 4743 of
1121 4694 1193 4760 King
1221 4696 1334 4757 Henry’s
1362 4696 1471 4747 chartei·

409 4781 495 4830 bald’s
506 4778 665 4835 ordination,
677 4776 729 4826 and
741 4774 798 4824 rho
810 4773 836 4823 in
849 4778 912 4825 1186
966 4772 1237 4837 whicharsrepeoted
1254 4772 1280 4821 in
1299 4772 1350 4823 this
1371 4776 1470 4825 conflr-

407 4858 510 4907 became
523 4855 619 4919 Bishop
632 4854 662 4905 oi
673 4852 826 4904 worcester.
966 4852 1062 4902 marion
1074 4852 1107 4915 by
1121 4851 1191 4918 King
1202 4852 1281 4903 John.
