<?xml version="1.0" encoding="UTF-8"?>
<!DOCTYPE html PUBLIC "-//W3C//DTD XHTML 1.0 Transitional//EN"
    "http://www.w3.org/TR/xhtml1/DTD/xhtml1-transitional.dtd">
<html xmlns="http://www.w3.org/1999/xhtml" xml:lang="en" lang="en">
 <head>
  <title>
</title>
<meta http-equiv="Content-Type" content="text/html;charset=utf-8" />
  <meta name='ocr-system' content='tesseract 3.04.00' />
  <meta name='ocr-capabilities' content='ocr_page ocr_carea ocr_par ocr_line ocrx_word'/>
</head>
<body>
  <div class='ocr_page' id='page_1' title='image "./literaecantuari00shepgoog/literaecantuari00shepgoog_0140.png"; bbox 0 0 3350 5800; ppageno 0'>
   <div class='ocr_carea' id='block_1_1' title="bbox 589 898 1254 967">
    <p class='ocr_par' dir='ltr' id='par_1_1' title="bbox 589 898 1254 967">
     <span class='ocr_line' id='line_1_1' title="bbox 589 898 1254 967; baseline 0 -4"><span class='ocrx_word' id='word_1_1' title='bbox 589 912 879 964; x_wconf 73' lang='lat' dir='ltr'>caurumrausrs.</span> <span class='ocrx_word' id='word_1_2' title='bbox 1216 898 1254 967; x_wconf 81' lang='grc'>71</span> 
     </span>
    </p>
   </div>
   <div class='ocr_carea' id='block_1_2' title="bbox 144 1100 1299 4746">
    <p class='ocr_par' dir='ltr' id='par_1_2' title="bbox 144 1100 1299 4746">
     <span class='ocr_line' id='line_1_2' title="bbox 200 1100 1257 1185; baseline 0.006 -26"><span class='ocrx_word' id='word_1_3' title='bbox 200 1114 267 1180; x_wconf 89' lang='lat' dir='ltr'>que</span> <span class='ocrx_word' id='word_1_4' title='bbox 322 1100 493 1183; x_wconf 77' lang='lat' dir='ltr'>patienler</span> <span class='ocrx_word' id='word_1_5' title='bbox 533 1100 686 1167; x_wconf 74' lang='lat' dir='ltr'>tollerare</span> <span class='ocrx_word' id='word_1_6' title='bbox 735 1100 918 1177; x_wconf 70' lang='lat' dir='ltr'>somonam,</span> <span class='ocrx_word' id='word_1_7' title='bbox 956 1102 1128 1185; x_wconf 75' lang='lat' dir='ltr'>dicereque</span> <span class='ocrx_word' id='word_1_8' title='bbox 1180 1120 1257 1165; x_wconf 90' lang='lat' dir='ltr'>cnm</span> 
     </span>
     <span class='ocr_line' id='line_1_3' title="bbox 204 1194 1259 1287; baseline 0.004 -24"><span class='ocrx_word' id='word_1_9' title='bbox 204 1194 304 1263; x_wconf 65' lang='lat' dir='ltr'>beabo</span> <span class='ocrx_word' id='word_1_10' title='bbox 338 1200 423 1267; x_wconf 86' lang='lat' dir='ltr'>Job:</span> <span class='ocrx_word' id='word_1_11' title='bbox 445 1202 478 1267; x_wconf 65' lang='grc' dir='ltr'>σι’</span> <span class='ocrx_word' id='word_1_12' title='bbox 517 1201 605 1267; x_wconf 71' lang='lat' dir='ltr'>borea</span> <span class='ocrx_word' id='word_1_13' title='bbox 635 1201 848 1287; x_wconf 66' lang='lat' dir='ltr'>mopiam</span> <span class='ocrx_word' id='word_1_14' title='bbox 881 1200 922 1268; x_wconf 78' lang='lat' dir='ltr'>de</span> <span class='ocrx_word' id='word_1_15' title='bbox 955 1222 1069 1269; x_wconf 73' lang='grc' dir='ltr'>ιιιαιιιι</span> <span class='ocrx_word' id='word_1_16' title='bbox 1099 1200 1259 1280; x_wconf 75' lang='lat' dir='ltr'>Domini,</span> 
     </span>
     <span class='ocr_line' id='line_1_4' title="bbox 204 1302 1258 1387; baseline 0.003 -23"><span class='ocrx_word' id='word_1_17' title='bbox 204 1318 313 1382; x_wconf 77' lang='lat' dir='ltr'>quare</span> <span class='ocrx_word' id='word_1_18' title='bbox 354 1302 452 1368; x_wconf 71' lang='lat' dir='ltr'>uculo</span> <span class='ocrx_word' id='word_1_19' title='bbox 489 1324 561 1369; x_wconf 76' lang='lat' dir='ltr'>uon</span> <span class='ocrx_word' id='word_1_20' title='bbox 598 1302 842 1387; x_wconf 68' lang='lat' dir='ltr'>concipiamus.</span> <span class='ocrx_word' id='word_1_21' title='bbox 887 1302 976 1367; x_wconf 88' lang='lat' dir='ltr'>Puto</span> <span class='ocrx_word' id='word_1_22' title='bbox 1020 1308 1134 1369; x_wconf 77' lang='lat' dir='ltr'>tamen</span> <span class='ocrx_word' id='word_1_23' title='bbox 1170 1302 1258 1368; x_wconf 88' lang='lat' dir='ltr'>hunc</span> 
     </span>
     <span class='ocr_line' id='line_1_5' title="bbox 205 1402 1259 1490; baseline 0.007 -28"><span class='ocrx_word' id='word_1_24' title='bbox 205 1402 330 1465; x_wconf 78' lang='lat' dir='ltr'>mentis</span> <span class='ocrx_word' id='word_1_25' title='bbox 365 1402 604 1483; x_wconf 76' lang='lat' dir='ltr'>fortitudinem,</span> <span class='ocrx_word' id='word_1_26' title='bbox 629 1404 836 1489; x_wconf 69' lang='lat' dir='ltr'>patientiam,</span> <span class='ocrx_word' id='word_1_27' title='bbox 870 1404 1163 1490; x_wconf 74' lang='lat' dir='ltr'>aequanimitatem,</span> <span class='ocrx_word' id='word_1_28' title='bbox 1184 1410 1259 1469; x_wconf 75' lang='lat' dir='ltr'>tan·</span> 
     </span>
     <span class='ocr_line' id='line_1_6' title="bbox 208 1504 1260 1588; baseline 0.002 -23"><span class='ocrx_word' id='word_1_29' title='bbox 208 1504 343 1588; x_wconf 74' lang='lat' dir='ltr'>lamque</span> <span class='ocrx_word' id='word_1_30' title='bbox 376 1505 412 1569; x_wconf 92' lang='lat' dir='ltr'>in</span> <span class='ocrx_word' id='word_1_31' title='bbox 434 1509 487 1571; x_wconf 74' lang='lat' dir='ltr'>toi</span> <span class='ocrx_word' id='word_1_32' title='bbox 518 1506 666 1571; x_wconf 84' lang='lat' dir='ltr'>adversis</span> <span class='ocrx_word' id='word_1_33' title='bbox 700 1504 970 1583; x_wconf 86' lang='lat' dir='ltr'>consolacionem,</span> <span class='ocrx_word' id='word_1_34' title='bbox 1000 1506 1124 1571; x_wconf 80' lang='lat' dir='ltr'>vestris</span> <span class='ocrx_word' id='word_1_35' title='bbox 1157 1506 1260 1571; x_wconf 75' lang='lat' dir='ltr'>inter·</span> 
     </span>
     <span class='ocr_line' id='line_1_7' title="bbox 144 1602 1260 1675; baseline 0.004 -8"><span class='ocrx_word' id='word_1_36' title='bbox 144 1642 155 1647; x_wconf 99' lang='lat'>-</span> <span class='ocrx_word' id='word_1_37' title='bbox 205 1602 400 1671; x_wconf 77' lang='lat' dir='ltr'>cedentibus</span> <span class='ocrx_word' id='word_1_38' title='bbox 445 1606 650 1673; x_wconf 78' lang='lat' dir='ltr'>orationibus</span> <span class='ocrx_word' id='word_1_39' title='bbox 699 1607 851 1671; x_wconf 86' lang='lat' dir='ltr'>divinam</span> <span class='ocrx_word' id='word_1_40' title='bbox 897 1607 1000 1673; x_wconf 90' lang='lat' dir='ltr'>michi</span> <span class='ocrx_word' id='word_1_41' title='bbox 1050 1609 1260 1675; x_wconf 81' lang='lat' dir='ltr'>clemenciam</span> 
     </span>
     <span class='ocr_line' id='line_1_8' title="bbox 203 1708 1260 1795; baseline 0.003 -24"><span class='ocrx_word' id='word_1_42' title='bbox 203 1709 420 1784; x_wconf 60' lang='lat' dir='ltr'>concessissem</span> <span class='ocrx_word' id='word_1_43' title='bbox 460 1710 597 1794; x_wconf 81' lang='lat' dir='ltr'>dicoque</span> <span class='ocrx_word' id='word_1_44' title='bbox 629 1709 727 1774; x_wconf 89' lang='lat' dir='ltr'>modo</span> <span class='ocrx_word' id='word_1_45' title='bbox 750 1730 826 1776; x_wconf 88' lang='lat' dir='ltr'>cum</span> <span class='ocrx_word' id='word_1_46' title='bbox 861 1708 976 1774; x_wconf 86' lang='lat' dir='ltr'>eodem</span> <span class='ocrx_word' id='word_1_47' title='bbox 1014 1710 1260 1795; x_wconf 73' lang='lat' dir='ltr'>pacieniiseimo</span> 
     </span>
     <span class='ocr_line' id='line_1_9' title="bbox 204 1808 1261 1897; baseline 0.005 -26"><span class='ocrx_word' id='word_1_48' title='bbox 204 1808 293 1873; x_wconf 88' lang='lat' dir='ltr'>viro:</span> <span class='ocrx_word' id='word_1_49' title='bbox 324 1808 575 1897; x_wconf 72' lang='lat' dir='ltr'>increpationes</span> <span class='ocrx_word' id='word_1_50' title='bbox 611 1809 759 1876; x_wconf 76' lang='lat' dir='ltr'>Domini</span> <span class='ocrx_word' id='word_1_51' title='bbox 790 1832 833 1876; x_wconf 80' lang='lat' dir='ltr'>oc</span> <span class='ocrx_word' id='word_1_52' title='bbox 870 1809 1035 1896; x_wconf 78' lang='lat' dir='ltr'>reprobes,</span> <span class='ocrx_word' id='word_1_53' title='bbox 1069 1810 1157 1896; x_wconf 82' lang='lat' dir='ltr'>qaia</span> <span class='ocrx_word' id='word_1_54' title='bbox 1188 1810 1261 1897; x_wconf 61' lang='lat' dir='ltr'>espec</span> 
     </span>
     <span class='ocr_line' id='line_1_10' title="bbox 203 1906 1259 1998; baseline 0.002 -23"><span class='ocrx_word' id='word_1_55' title='bbox 203 1910 365 1977; x_wconf 65' lang='lat' dir='ltr'>mucul</span> <span class='ocrx_word' id='word_1_56' title='bbox 387 1918 417 1979; x_wconf 81' lang='lat' dir='ltr'>al</span> <span class='ocrx_word' id='word_1_57' title='bbox 436 1906 600 1989; x_wconf 66' lang='lat' dir='ltr'>caedetur,</span> <span class='ocrx_word' id='word_1_58' title='bbox 613 1911 764 1998; x_wconf 76' lang='lat' dir='ltr'>perculit</span> <span class='ocrx_word' id='word_1_59' title='bbox 781 1918 810 1975; x_wconf 83' lang='lat' dir='ltr'>et</span> <span class='ocrx_word' id='word_1_60' title='bbox 833 1932 964 1977; x_wconf 68' lang='lat' dir='ltr'>umque</span> <span class='ocrx_word' id='word_1_61' title='bbox 985 1911 1058 1996; x_wconf 80' lang='lat' dir='ltr'>ejuc</span> <span class='ocrx_word' id='word_1_62' title='bbox 1073 1911 1259 1979; x_wconf 77' lang='lat' dir='ltr'>auuobwut.</span> 
     </span>
     <span class='ocr_line' id='line_1_11' title="bbox 205 2012 1262 2099; baseline 0.006 -24"><span class='ocrx_word' id='word_1_63' title='bbox 205 2012 347 2077; x_wconf 80' lang='lat' dir='ltr'>Accedit</span> <span class='ocrx_word' id='word_1_64' title='bbox 379 2014 480 2079; x_wconf 80' lang='lat' dir='ltr'>eliam</span> <span class='ocrx_word' id='word_1_65' title='bbox 513 2013 558 2079; x_wconf 88' lang='lat' dir='ltr'>ad</span> <span class='ocrx_word' id='word_1_66' title='bbox 589 2013 668 2089; x_wconf 81' lang='lat' dir='ltr'>haec,</span> <span class='ocrx_word' id='word_1_67' title='bbox 692 2012 791 2099; x_wconf 86' lang='lat' dir='ltr'>quod,</span> <span class='ocrx_word' id='word_1_68' title='bbox 813 2034 891 2078; x_wconf 88' lang='lat' dir='ltr'>cum</span> <span class='ocrx_word' id='word_1_69' title='bbox 914 2015 951 2077; x_wconf 89' lang='lat' dir='ltr'>in</span> <span class='ocrx_word' id='word_1_70' title='bbox 986 2013 1138 2079; x_wconf 86' lang='lat' dir='ltr'>Romana</span> <span class='ocrx_word' id='word_1_71' title='bbox 1159 2014 1262 2081; x_wconf 70' lang='lat' dir='ltr'>Curia</span> 
     </span>
     <span class='ocr_line' id='line_1_12' title="bbox 205 2114 1261 2201; baseline 0.002 -22"><span class='ocrx_word' id='word_1_72' title='bbox 205 2115 440 2199; x_wconf 80' lang='lat' dir='ltr'>pervenissem,</span> <span class='ocrx_word' id='word_1_73' title='bbox 494 2114 582 2181; x_wconf 89' lang='lat' dir='ltr'>mei1</span> <span class='ocrx_word' id='word_1_74' title='bbox 635 2114 853 2201; x_wconf 77' lang='lat' dir='ltr'>persecutoris</span> <span class='ocrx_word' id='word_1_75' title='bbox 915 2114 1097 2199; x_wconf 75' lang='lat' dir='ltr'>justiciam,</span> <span class='ocrx_word' id='word_1_76' title='bbox 1148 2122 1261 2182; x_wconf 73' lang='lat' dir='ltr'>tamen</span> 
     </span>
     <span class='ocr_line' id='line_1_13' title="bbox 207 2216 1260 2304; baseline 0.002 -23"><span class='ocrx_word' id='word_1_77' title='bbox 207 2216 359 2283; x_wconf 85' lang='lat' dir='ltr'>favorem</span> <span class='ocrx_word' id='word_1_78' title='bbox 393 2219 523 2304; x_wconf 85' lang='lat' dir='ltr'>repperi</span> <span class='ocrx_word' id='word_1_79' title='bbox 554 2239 654 2303; x_wconf 83' lang='lat' dir='ltr'>penes</span> <span class='ocrx_word' id='word_1_80' title='bbox 686 2216 870 2281; x_wconf 91' lang='lat' dir='ltr'>Dominum</span> <span class='ocrx_word' id='word_1_81' title='bbox 903 2222 1053 2283; x_wconf 73' lang='lat' dir='ltr'>nostrum</span> <span class='ocrx_word' id='word_1_82' title='bbox 1084 2217 1260 2284; x_wconf 90' lang='lat' dir='ltr'>Summum</span> 
     </span>
     <span class='ocr_line' id='line_1_14' title="bbox 208 2317 1260 2404; baseline 0.003 -21"><span class='ocrx_word' id='word_1_83' title='bbox 208 2319 405 2385; x_wconf 75' lang='lat' dir='ltr'>Pontificem</span> <span class='ocrx_word' id='word_1_84' title='bbox 427 2340 621 2403; x_wconf 84' lang='lat' dir='ltr'>sacrumque</span> <span class='ocrx_word' id='word_1_85' title='bbox 644 2318 819 2404; x_wconf 81' lang='lat' dir='ltr'>collegium</span> <span class='ocrx_word' id='word_1_86' title='bbox 844 2317 1080 2396; x_wconf 84' lang='lat' dir='ltr'>Oardinalium,</span> <span class='ocrx_word' id='word_1_87' title='bbox 1097 2326 1260 2404; x_wconf 69' lang='lat' dir='ltr'>quantum</span> 
     </span>
     <span class='ocr_line' id='line_1_15' title="bbox 209 2420 1261 2508; baseline 0.004 -23"><span class='ocrx_word' id='word_1_88' title='bbox 209 2441 383 2507; x_wconf 87' lang='lat' dir='ltr'>nunquam</span> <span class='ocrx_word' id='word_1_89' title='bbox 415 2424 558 2508; x_wconf 79' lang='lat' dir='ltr'>cogiiare</span> <span class='ocrx_word' id='word_1_90' title='bbox 590 2422 686 2507; x_wconf 72' lang='lat' dir='ltr'>potui</span> <span class='ocrx_word' id='word_1_91' title='bbox 718 2420 773 2486; x_wconf 84' lang='lat' dir='ltr'>vel</span> <span class='ocrx_word' id='word_1_92' title='bbox 804 2420 957 2506; x_wconf 78' lang='lat' dir='ltr'>speravi3</span> <span class='ocrx_word' id='word_1_93' title='bbox 986 2422 1151 2506; x_wconf 84' lang='lat' dir='ltr'>siquidem</span> <span class='ocrx_word' id='word_1_94' title='bbox 1181 2445 1261 2489; x_wconf 86' lang='lat' dir='ltr'>vero</span> 
     </span>
     <span class='ocr_line' id='line_1_16' title="bbox 211 2521 1263 2608; baseline 0.006 -22"><span class='ocrx_word' id='word_1_95' title='bbox 211 2523 301 2588; x_wconf 72' lang='lat' dir='ltr'>inter</span> <span class='ocrx_word' id='word_1_96' title='bbox 333 2521 401 2588; x_wconf 87' lang='lat' dir='ltr'>alia</span> <span class='ocrx_word' id='word_1_97' title='bbox 432 2523 571 2588; x_wconf 83' lang='lat' dir='ltr'>verbum</span> <span class='ocrx_word' id='word_1_98' title='bbox 602 2522 822 2608; x_wconf 74' lang='lat' dir='ltr'>apostolicum</span> <span class='ocrx_word' id='word_1_99' title='bbox 856 2527 948 2589; x_wconf 78' lang='lat' dir='ltr'>eret:</span> <span class='ocrx_word' id='word_1_100' title='bbox 985 2544 1018 2588; x_wconf 85' lang='lat' dir='ltr'>ec</span> <span class='ocrx_word' id='word_1_101' title='bbox 1043 2524 1180 2590; x_wconf 72' lang='lat' dir='ltr'>uallium</span> <span class='ocrx_word' id='word_1_102' title='bbox 1209 2526 1263 2592; x_wconf 65' lang='grc' dir='ltr'>τοι</span> 
     </span>
     <span class='ocr_line' id='line_1_17' title="bbox 211 2622 1263 2714; baseline 0 -21"><span class='ocrx_word' id='word_1_103' title='bbox 211 2646 321 2711; x_wconf 72' lang='lat' dir='ltr'>paoem</span> <span class='ocrx_word' id='word_1_104' title='bbox 342 2632 419 2710; x_wconf 77' lang='lat' dir='ltr'>poet</span> <span class='ocrx_word' id='word_1_105' title='bbox 442 2625 715 2710; x_wconf 73' lang='lat' dir='ltr'>aammnpciooem</span> <span class='ocrx_word' id='word_1_106' title='bbox 737 2646 841 2691; x_wconf 77' lang='lat' dir='ltr'>meum</span> <span class='ocrx_word' id='word_1_107' title='bbox 852 2622 972 2710; x_wconf 68' lang='lat' dir='ltr'>fecerit</span> <span class='ocrx_word' id='word_1_108' title='bbox 996 2632 1134 2692; x_wconf 68' lang='lat' dir='ltr'>tamma</span> <span class='ocrx_word' id='word_1_109' title='bbox 1148 2628 1263 2714; x_wconf 78' lang='lat' dir='ltr'>poeui-</span> 
     </span>
     <span class='ocr_line' id='line_1_18' title="bbox 212 2726 1265 2815; baseline 0.004 -22"><span class='ocrx_word' id='word_1_110' title='bbox 212 2726 360 2795; x_wconf 77' lang='lat' dir='ltr'>teatium</span> <span class='ocrx_word' id='word_1_111' title='bbox 392 2728 585 2811; x_wconf 73' lang='lat' dir='ltr'>cmaocpiaae,</span> <span class='ocrx_word' id='word_1_112' title='bbox 622 2734 796 2812; x_wconf 72' lang='lat' dir='ltr'>quonlam</span> <span class='ocrx_word' id='word_1_113' title='bbox 829 2748 868 2791; x_wconf 78' lang='lat' dir='ltr'>cu</span> <span class='ocrx_word' id='word_1_114' title='bbox 893 2726 1122 2813; x_wconf 73' lang='lat' dir='ltr'>diepoeo&#39;ciom</span> <span class='ocrx_word' id='word_1_115' title='bbox 1156 2750 1265 2815; x_wconf 77' lang='lat' dir='ltr'>qoam</span> 
     </span>
     <span class='ocr_line' id='line_1_19' title="bbox 213 2830 1265 2920; baseline 0.001 -20"><span class='ocrx_word' id='word_1_116' title='bbox 213 2833 254 2899; x_wconf 83' lang='lat' dir='ltr'>de</span> <span class='ocrx_word' id='word_1_117' title='bbox 288 2854 342 2900; x_wconf 84' lang='lat' dir='ltr'>me</span> <span class='ocrx_word' id='word_1_118' title='bbox 375 2832 502 2920; x_wconf 78' lang='lat' dir='ltr'>fecerat</span> <span class='ocrx_word' id='word_1_119' title='bbox 540 2830 698 2918; x_wconf 79' lang='lat' dir='ltr'>cupiebat.</span> <span class='ocrx_word' id='word_1_120' title='bbox 746 2832 797 2898; x_wconf 90' lang='lat' dir='ltr'>De</span> <span class='ocrx_word' id='word_1_121' title='bbox 834 2832 933 2898; x_wconf 85' lang='lat' dir='ltr'>rebus</span> <span class='ocrx_word' id='word_1_122' title='bbox 968 2832 1058 2898; x_wconf 88' lang='lat' dir='ltr'>enim</span> <span class='ocrx_word' id='word_1_123' title='bbox 1096 2836 1188 2912; x_wconf 86' lang='lat' dir='ltr'>meis,</span> <span class='ocrx_word' id='word_1_124' title='bbox 1225 2840 1265 2901; x_wconf 78' lang='lat' dir='ltr'>ui</span> 
     </span>
     <span class='ocr_line' id='line_1_20' title="bbox 216 2934 1265 3023; baseline 0.002 -23"><span class='ocrx_word' id='word_1_125' title='bbox 216 2958 321 3023; x_wconf 85' lang='lat' dir='ltr'>spero,</span> <span class='ocrx_word' id='word_1_126' title='bbox 357 2936 454 3022; x_wconf 84' lang='lat' dir='ltr'>longe</span> <span class='ocrx_word' id='word_1_127' title='bbox 485 2934 604 2999; x_wconf 88' lang='lat' dir='ltr'>melius</span> <span class='ocrx_word' id='word_1_128' title='bbox 636 2955 736 3020; x_wconf 88' lang='lat' dir='ltr'>quam</span> <span class='ocrx_word' id='word_1_129' title='bbox 770 2935 924 3001; x_wconf 69' lang='lat' dir='ltr'>credatur</span> <span class='ocrx_word' id='word_1_130' title='bbox 945 2955 968 3001; x_wconf 86' lang='lat' dir='ltr'>a</span> <span class='ocrx_word' id='word_1_131' title='bbox 1000 2935 1165 3002; x_wconf 81' lang='lat' dir='ltr'>malivolis</span> <span class='ocrx_word' id='word_1_132' title='bbox 1198 2937 1265 3002; x_wconf 85' lang='lat' dir='ltr'>die-</span> 
     </span>
     <span class='ocr_line' id='line_1_21' title="bbox 216 3037 1266 3124; baseline 0.001 -20"><span class='ocrx_word' id='word_1_133' title='bbox 216 3046 368 3124; x_wconf 80' lang='lat' dir='ltr'>ponetur.</span> <span class='ocrx_word' id='word_1_134' title='bbox 414 3037 468 3103; x_wconf 80' lang='lat' dir='ltr'>sie</span> <span class='ocrx_word' id='word_1_135' title='bbox 489 3038 526 3100; x_wconf 93' lang='lat' dir='ltr'>in</span> <span class='ocrx_word' id='word_1_136' title='bbox 548 3037 610 3104; x_wconf 90' lang='lat' dir='ltr'>hoc</span> <span class='ocrx_word' id='word_1_137' title='bbox 633 3041 746 3102; x_wconf 78' lang='lat' dir='ltr'>lamen</span> <span class='ocrx_word' id='word_1_138' title='bbox 769 3037 860 3123; x_wconf 85' lang='lat' dir='ltr'>quod</span> <span class='ocrx_word' id='word_1_139' title='bbox 881 3037 1006 3102; x_wconf 92' lang='lat' dir='ltr'>bonum</span> <span class='ocrx_word' id='word_1_140' title='bbox 1029 3039 1140 3102; x_wconf 77' lang='lat' dir='ltr'>estin</span> <span class='ocrx_word' id='word_1_141' title='bbox 1161 3039 1266 3105; x_wconf 90' lang='lat' dir='ltr'>oculis</span> 
     </span>
     <span class='ocr_line' id='line_1_22' title="bbox 216 3139 1266 3225; baseline 0 -20"><span class='ocrx_word' id='word_1_142' title='bbox 216 3140 340 3225; x_wconf 85' lang='lat' dir='ltr'>ejue,a</span> <span class='ocrx_word' id='word_1_143' title='bbox 372 3160 438 3225; x_wconf 91' lang='lat' dir='ltr'>quo</span> <span class='ocrx_word' id='word_1_144' title='bbox 470 3160 566 3204; x_wconf 90' lang='lat' dir='ltr'>omne</span> <span class='ocrx_word' id='word_1_145' title='bbox 598 3139 716 3204; x_wconf 78' lang='lat' dir='ltr'>datum</span> <span class='ocrx_word' id='word_1_146' title='bbox 748 3139 912 3224; x_wconf 77' lang='lat' dir='ltr'>optimum</span> <span class='ocrx_word' id='word_1_147' title='bbox 947 3144 982 3203; x_wconf 76' lang='lat' dir='ltr'>et</span> <span class='ocrx_word' id='word_1_148' title='bbox 1012 3159 1110 3203; x_wconf 91' lang='lat' dir='ltr'>omne</span> <span class='ocrx_word' id='word_1_149' title='bbox 1142 3140 1266 3205; x_wconf 87' lang='lat' dir='ltr'>donum</span> 
     </span>
     <span class='ocr_line' id='line_1_23' title="bbox 216 3239 1266 3328; baseline 0.003 -22"><span class='ocrx_word' id='word_1_150' title='bbox 216 3241 400 3327; x_wconf 73' lang='lat' dir='ltr'>perfectum</span> <span class='ocrx_word' id='word_1_151' title='bbox 423 3239 623 3306; x_wconf 84' lang='lat' dir='ltr'>descendens</span> <span class='ocrx_word' id='word_1_152' title='bbox 646 3247 705 3318; x_wconf 82' lang='lat' dir='ltr'>est,</span> <span class='ocrx_word' id='word_1_153' title='bbox 728 3245 763 3305; x_wconf 70' lang='lat' dir='ltr'>et</span> <span class='ocrx_word' id='word_1_154' title='bbox 797 3241 924 3306; x_wconf 90' lang='lat' dir='ltr'>domini</span> <span class='ocrx_word' id='word_1_155' title='bbox 958 3242 1066 3304; x_wconf 75' lang='lat' dir='ltr'>nostri</span> <span class='ocrx_word' id='word_1_156' title='bbox 1089 3241 1201 3328; x_wconf 85' lang='lat' dir='ltr'>Regis,</span> <span class='ocrx_word' id='word_1_157' title='bbox 1225 3244 1266 3310; x_wconf 90' lang='lat' dir='ltr'>de</span> 
     </span>
     <span class='ocr_line' id='line_1_24' title="bbox 216 3341 1266 3430; baseline 0 -20"><span class='ocrx_word' id='word_1_158' title='bbox 216 3345 312 3430; x_wconf 85' lang='lat' dir='ltr'>cujus</span> <span class='ocrx_word' id='word_1_159' title='bbox 349 3342 555 3429; x_wconf 77' lang='lat' dir='ltr'>graiiludine</span> <span class='ocrx_word' id='word_1_160' title='bbox 590 3346 625 3407; x_wconf 80' lang='lat' dir='ltr'>ei</span> <span class='ocrx_word' id='word_1_161' title='bbox 661 3343 788 3428; x_wconf 73' lang='lat' dir='ltr'>pietate</span> <span class='ocrx_word' id='word_1_162' title='bbox 826 3341 921 3407; x_wconf 90' lang='lat' dir='ltr'>nullo</span> <span class='ocrx_word' id='word_1_163' title='bbox 957 3342 1055 3407; x_wconf 86' lang='lat' dir='ltr'>modo</span> <span class='ocrx_word' id='word_1_164' title='bbox 1093 3343 1266 3430; x_wconf 87' lang='lat' dir='ltr'>desperare</span> 
     </span>
     <span class='ocr_line' id='line_1_25' title="bbox 216 3443 1268 3531; baseline 0 -19"><span class='ocrx_word' id='word_1_165' title='bbox 216 3445 364 3512; x_wconf 75' lang='lat' dir='ltr'>iubendo.</span> <span class='ocrx_word' id='word_1_166' title='bbox 409 3445 479 3531; x_wconf 81' lang='lat' dir='ltr'>Ego</span> <span class='ocrx_word' id='word_1_167' title='bbox 513 3444 659 3530; x_wconf 87' lang='lat' dir='ltr'>quidem,</span> <span class='ocrx_word' id='word_1_168' title='bbox 682 3445 711 3509; x_wconf 88' lang='lat' dir='ltr'>ei</span> <span class='ocrx_word' id='word_1_169' title='bbox 744 3465 796 3508; x_wconf 89' lang='lat' dir='ltr'>me</span> <span class='ocrx_word' id='word_1_170' title='bbox 830 3443 1005 3528; x_wconf 76' lang='lat' dir='ltr'>utriusque</span> <span class='ocrx_word' id='word_1_171' title='bbox 1036 3464 1104 3508; x_wconf 90' lang='lat' dir='ltr'>non</span> <span class='ocrx_word' id='word_1_172' title='bbox 1138 3445 1268 3512; x_wconf 73' lang='lat' dir='ltr'>deserat</span> 
     </span>
     <span class='ocr_line' id='line_1_26' title="bbox 218 3543 1268 3633; baseline 0.001 -20"><span class='ocrx_word' id='word_1_173' title='bbox 218 3547 416 3633; x_wconf 76' lang='lat' dir='ltr'>benignitas,</span> <span class='ocrx_word' id='word_1_174' title='bbox 454 3546 484 3610; x_wconf 89' lang='lat' dir='ltr'>si</span> <span class='ocrx_word' id='word_1_175' title='bbox 516 3545 620 3629; x_wconf 73' lang='lat' dir='ltr'>juxta</span> <span class='ocrx_word' id='word_1_176' title='bbox 656 3544 792 3610; x_wconf 80' lang='lat' dir='ltr'>solitum</span> <span class='ocrx_word' id='word_1_177' title='bbox 836 3543 928 3629; x_wconf 86' lang='lat' dir='ltr'>apud</span> <span class='ocrx_word' id='word_1_178' title='bbox 976 3544 1087 3610; x_wconf 88' lang='lat' dir='ltr'>Deum</span> <span class='ocrx_word' id='word_1_179' title='bbox 1136 3547 1268 3614; x_wconf 80' lang='lat' dir='ltr'>devotis</span> 
     </span>
     <span class='ocr_line' id='line_1_27' title="bbox 217 3647 1269 3736; baseline -0.001 -18"><span class='ocrx_word' id='word_1_180' title='bbox 217 3649 423 3718; x_wconf 74' lang='lat' dir='ltr'>orationibus</span> <span class='ocrx_word' id='word_1_181' title='bbox 445 3647 616 3726; x_wconf 75' lang='lat' dir='ltr'>insistatis,</span> <span class='ocrx_word' id='word_1_182' title='bbox 639 3667 735 3733; x_wconf 83' lang='lat' dir='ltr'>spero</span> <span class='ocrx_word' id='word_1_183' title='bbox 767 3647 927 3732; x_wconf 87' lang='lat' dir='ltr'>quioquid</span> <span class='ocrx_word' id='word_1_184' title='bbox 948 3647 991 3711; x_wconf 87' lang='lat' dir='ltr'>de</span> <span class='ocrx_word' id='word_1_185' title='bbox 1011 3669 1067 3712; x_wconf 91' lang='lat' dir='ltr'>me</span> <span class='ocrx_word' id='word_1_186' title='bbox 1088 3651 1269 3736; x_wconf 74' lang='lat' dir='ltr'>eontigerit</span> 
     </span>
     <span class='ocr_line' id='line_1_28' title="bbox 219 3747 1267 3838; baseline 0 -20"><span class='ocrx_word' id='word_1_187' title='bbox 219 3750 449 3838; x_wconf 71' lang='lat' dir='ltr'>aequanimiter</span> <span class='ocrx_word' id='word_1_188' title='bbox 482 3749 643 3826; x_wconf 80' lang='lat' dir='ltr'>tollerare,</span> <span class='ocrx_word' id='word_1_189' title='bbox 662 3749 735 3832; x_wconf 88' lang='lat' dir='ltr'>jam</span> <span class='ocrx_word' id='word_1_190' title='bbox 759 3749 849 3812; x_wconf 89' lang='lat' dir='ltr'>enim</span> <span class='ocrx_word' id='word_1_191' title='bbox 882 3747 1004 3814; x_wconf 84' lang='lat' dir='ltr'>edidici</span> <span class='ocrx_word' id='word_1_192' title='bbox 1035 3748 1146 3815; x_wconf 85' lang='lat' dir='ltr'>felices</span> <span class='ocrx_word' id='word_1_193' title='bbox 1168 3751 1267 3836; x_wconf 88' lang='lat' dir='ltr'>hujus</span> 
     </span>
     <span class='ocr_line' id='line_1_29' title="bbox 219 3849 1268 3938; baseline -0.002 -20"><span class='ocrx_word' id='word_1_194' title='bbox 219 3853 320 3932; x_wconf 76' lang='lat' dir='ltr'>seculi</span> <span class='ocrx_word' id='word_1_195' title='bbox 343 3873 412 3918; x_wconf 85' lang='lat' dir='ltr'>esse</span> <span class='ocrx_word' id='word_1_196' title='bbox 434 3873 564 3936; x_wconf 84' lang='lat' dir='ltr'>semper</span> <span class='ocrx_word' id='word_1_197' title='bbox 586 3850 623 3914; x_wconf 90' lang='lat' dir='ltr'>in</span> <span class='ocrx_word' id='word_1_198' title='bbox 646 3849 784 3926; x_wconf 88' lang='lat' dir='ltr'>lubrico,</span> <span class='ocrx_word' id='word_1_199' title='bbox 807 3849 977 3935; x_wconf 89' lang='lat' dir='ltr'>nichilque</span> <span class='ocrx_word' id='word_1_200' title='bbox 1001 3852 1108 3936; x_wconf 82' lang='lat' dir='ltr'>magle</span> <span class='ocrx_word' id='word_1_201' title='bbox 1137 3874 1268 3938; x_wconf 83' lang='lat' dir='ltr'>sperare</span> 
     </span>
     <span class='ocr_line' id='line_1_30' title="bbox 218 3951 1268 4045; baseline 0.001 -25"><span class='ocrx_word' id='word_1_202' title='bbox 218 3977 313 4045; x_wconf 87' lang='lat' dir='ltr'>posse</span> <span class='ocrx_word' id='word_1_203' title='bbox 337 3975 437 4040; x_wconf 88' lang='lat' dir='ltr'>quam</span> <span class='ocrx_word' id='word_1_204' title='bbox 472 3953 606 4031; x_wconf 86' lang='lat' dir='ltr'>cedere;</span> <span class='ocrx_word' id='word_1_205' title='bbox 645 3953 724 4038; x_wconf 85' lang='lat' dir='ltr'>quia</span> <span class='ocrx_word' id='word_1_206' title='bbox 747 3952 872 4017; x_wconf 73' lang='lat' dir='ltr'>evectis</span> <span class='ocrx_word' id='word_1_207' title='bbox 894 3952 932 4015; x_wconf 92' lang='lat' dir='ltr'>in</span> <span class='ocrx_word' id='word_1_208' title='bbox 955 3951 1070 4028; x_wconf 69' lang='lat' dir='ltr'>altum</span> <span class='ocrx_word' id='word_1_209' title='bbox 1092 3953 1180 4020; x_wconf 76' lang='lat' dir='ltr'>sicut</span> <span class='ocrx_word' id='word_1_210' title='bbox 1202 3956 1268 4021; x_wconf 85' lang='lat' dir='ltr'>dif-</span> 
     </span>
     <span class='ocr_line' id='line_1_31' title="bbox 218 4052 1299 4133; baseline -0.003 -8"><span class='ocrx_word' id='word_1_211' title='bbox 218 4058 404 4126; x_wconf 87' lang='lat' dir='ltr'>ficillimum</span> <span class='ocrx_word' id='word_1_212' title='bbox 441 4058 492 4120; x_wconf 73' lang='lat' dir='ltr'>esi</span> <span class='ocrx_word' id='word_1_213' title='bbox 529 4073 660 4118; x_wconf 87' lang='lat' dir='ltr'>sursum</span> <span class='ocrx_word' id='word_1_214' title='bbox 695 4052 879 4133; x_wconf 84' lang='lat' dir='ltr'>ascendere,</span> <span class='ocrx_word' id='word_1_215' title='bbox 908 4053 958 4116; x_wconf 82' lang='lat' dir='ltr'>sic</span> <span class='ocrx_word' id='word_1_216' title='bbox 988 4052 1183 4120; x_wconf 84' lang='lat' dir='ltr'>facillimum</span> <span class='ocrx_word' id='word_1_217' title='bbox 1217 4063 1299 4122; x_wconf 76' lang='lat' dir='ltr'>eei·</span> 
     </span>
     <span class='ocr_line' id='line_1_32' title="bbox 219 4153 1267 4241; baseline -0.001 -16"><span class='ocrx_word' id='word_1_218' title='bbox 219 4160 361 4226; x_wconf 82' lang='lat' dir='ltr'>inferius</span> <span class='ocrx_word' id='word_1_219' title='bbox 384 4155 570 4234; x_wconf 88' lang='lat' dir='ltr'>declinare;</span> <span class='ocrx_word' id='word_1_220' title='bbox 595 4156 653 4220; x_wconf 87' lang='lat' dir='ltr'>sed</span> <span class='ocrx_word' id='word_1_221' title='bbox 674 4159 752 4241; x_wconf 80' lang='lat' dir='ltr'>pose</span> <span class='ocrx_word' id='word_1_222' title='bbox 774 4153 839 4218; x_wconf 91' lang='lat' dir='ltr'>Dei</span> <span class='ocrx_word' id='word_1_223' title='bbox 862 4154 1015 4239; x_wconf 74' lang='lat' dir='ltr'>gretiam,</span> <span class='ocrx_word' id='word_1_224' title='bbox 1038 4155 1143 4221; x_wconf 86' lang='lat' dir='ltr'>nichil</span> <span class='ocrx_word' id='word_1_225' title='bbox 1165 4159 1267 4225; x_wconf 90' lang='lat' dir='ltr'>michi</span> 
     </span>
     <span class='ocr_line' id='line_1_33' title="bbox 219 4255 1269 4346; baseline -0.004 -18"><span class='ocrx_word' id='word_1_226' title='bbox 219 4261 354 4328; x_wconf 87' lang='lat' dir='ltr'>suavius</span> <span class='ocrx_word' id='word_1_227' title='bbox 409 4279 508 4343; x_wconf 88' lang='lat' dir='ltr'>quam</span> <span class='ocrx_word' id='word_1_228' title='bbox 561 4255 748 4342; x_wconf 78' lang='lat' dir='ltr'>intelligere</span> <span class='ocrx_word' id='word_1_229' title='bbox 802 4255 893 4340; x_wconf 85' lang='lat' dir='ltr'>quod</span> <span class='ocrx_word' id='word_1_230' title='bbox 937 4275 996 4339; x_wconf 89' lang='lat' dir='ltr'>pro</span> <span class='ocrx_word' id='word_1_231' title='bbox 1043 4276 1096 4320; x_wconf 90' lang='lat' dir='ltr'>me</span> <span class='ocrx_word' id='word_1_232' title='bbox 1140 4278 1269 4346; x_wconf 88' lang='lat' dir='ltr'>semper</span> 
     </span>
     <span class='ocr_line' id='line_1_34' title="bbox 219 4354 1269 4444; baseline -0.007 -16"><span class='ocrx_word' id='word_1_233' title='bbox 219 4365 329 4439; x_wconf 76' lang='lat' dir='ltr'>oratis,</span> <span class='ocrx_word' id='word_1_234' title='bbox 372 4359 511 4425; x_wconf 84' lang='lat' dir='ltr'>audiens</span> <span class='ocrx_word' id='word_1_235' title='bbox 546 4359 646 4422; x_wconf 90' lang='lat' dir='ltr'>fidem</span> <span class='ocrx_word' id='word_1_236' title='bbox 677 4360 824 4422; x_wconf 74' lang='lat' dir='ltr'>vestram</span> <span class='ocrx_word' id='word_1_237' title='bbox 858 4361 893 4419; x_wconf 75' lang='lat' dir='ltr'>et</span> <span class='ocrx_word' id='word_1_238' title='bbox 923 4354 1131 4422; x_wconf 77' lang='lat' dir='ltr'>dilectionem</span> <span class='ocrx_word' id='word_1_239' title='bbox 1168 4381 1269 4444; x_wconf 85' lang='lat' dir='ltr'>quam</span> 
     </span>
     <span class='ocr_line' id='line_1_35' title="bbox 189 4456 1269 4544; baseline -0.001 -16"><span class='ocrx_word' id='word_1_240' title='bbox 189 4511 191 4516; x_wconf 68' lang='lat'>,</span> <span class='ocrx_word' id='word_1_241' title='bbox 219 4462 349 4528; x_wconf 75' lang='lat' dir='ltr'>habetis</span> <span class='ocrx_word' id='word_1_242' title='bbox 381 4459 425 4524; x_wconf 86' lang='lat' dir='ltr'>ad</span> <span class='ocrx_word' id='word_1_243' title='bbox 462 4479 536 4538; x_wconf 89' lang='lat' dir='ltr'>me;</span> <span class='ocrx_word' id='word_1_244' title='bbox 572 4479 640 4524; x_wconf 88' lang='lat' dir='ltr'>non</span> <span class='ocrx_word' id='word_1_245' title='bbox 678 4458 777 4535; x_wconf 91' lang='lat' dir='ltr'>enim,</span> <span class='ocrx_word' id='word_1_246' title='bbox 815 4456 887 4521; x_wconf 92' lang='lat' dir='ltr'>Deo</span> <span class='ocrx_word' id='word_1_247' title='bbox 925 4457 1059 4542; x_wconf 76' lang='lat' dir='ltr'>gratiae,</span> <span class='ocrx_word' id='word_1_248' title='bbox 1099 4458 1202 4544; x_wconf 80' lang='lat' dir='ltr'>periii</span> <span class='ocrx_word' id='word_1_249' title='bbox 1235 4468 1269 4527; x_wconf 76' lang='lat' dir='ltr'>ei</span> 
     </span>
     <span class='ocr_line' id='line_1_36' title="bbox 220 4556 1269 4642; baseline -0.003 -12"><span class='ocrx_word' id='word_1_250' title='bbox 220 4565 331 4631; x_wconf 75' lang='lat' dir='ltr'>ablata</span> <span class='ocrx_word' id='word_1_251' title='bbox 378 4565 428 4626; x_wconf 78' lang='lat' dir='ltr'>esi</span> <span class='ocrx_word' id='word_1_252' title='bbox 465 4559 547 4624; x_wconf 85' lang='lat' dir='ltr'>fides</span> <span class='ocrx_word' id='word_1_253' title='bbox 584 4563 706 4636; x_wconf 72' lang='lat' dir='ltr'>vestm,</span> <span class='ocrx_word' id='word_1_254' title='bbox 744 4556 801 4621; x_wconf 88' lang='lat' dir='ltr'>sed</span> <span class='ocrx_word' id='word_1_255' title='bbox 838 4577 960 4642; x_wconf 83' lang='lat' dir='ltr'>magna</span> <span class='ocrx_word' id='word_1_256' title='bbox 997 4561 1049 4620; x_wconf 72' lang='lat' dir='ltr'>eet</span> <span class='ocrx_word' id='word_1_257' title='bbox 1084 4565 1125 4624; x_wconf 81' lang='lat' dir='ltr'>ut</span> <span class='ocrx_word' id='word_1_258' title='bbox 1161 4563 1269 4627; x_wconf 80' lang='lat' dir='ltr'>sentio</span> 
     </span>
     <span class='ocr_line' id='line_1_37' title="bbox 220 4659 1269 4746; baseline -0.005 -14"><span class='ocrx_word' id='word_1_259' title='bbox 220 4685 329 4734; x_wconf 84' lang='lat' dir='ltr'>eoram</span> <span class='ocrx_word' id='word_1_260' title='bbox 382 4662 462 4739; x_wconf 86' lang='lat' dir='ltr'>Deo,</span> <span class='ocrx_word' id='word_1_261' title='bbox 508 4661 562 4726; x_wconf 89' lang='lat' dir='ltr'>cui</span> <span class='ocrx_word' id='word_1_262' title='bbox 616 4659 751 4726; x_wconf 75' lang='lat' dir='ltr'>mentiri</span> <span class='ocrx_word' id='word_1_263' title='bbox 811 4678 880 4722; x_wconf 91' lang='lat' dir='ltr'>non</span> <span class='ocrx_word' id='word_1_264' title='bbox 932 4679 1116 4744; x_wconf 79' lang='lat' dir='ltr'>possumus,</span> <span class='ocrx_word' id='word_1_265' title='bbox 1170 4683 1269 4746; x_wconf 90' lang='lat' dir='ltr'>quem</span> 
     </span>
    </p>
   </div>
   <div class='ocr_carea' id='block_1_3' title="bbox 421 4831 1071 4906">
    <p class='ocr_par' dir='ltr' id='par_1_3' title="bbox 421 4831 1071 4906">
     <span class='ocr_line' id='line_1_38' title="bbox 421 4831 1071 4906; baseline 0.003 -24"><span class='ocrx_word' id='word_1_266' title='bbox 421 4837 429 4869; x_wconf 85' lang='lat'>¹</span> <span class='ocrx_word' id='word_1_267' title='bbox 442 4837 558 4906; x_wconf 76' lang='lat' dir='ltr'>sepiem,</span> <span class='ocrx_word' id='word_1_268' title='bbox 569 4850 600 4887; x_wconf 86' lang='lat' dir='ltr'>or</span> <span class='ocrx_word' id='word_1_269' title='bbox 611 4851 679 4886; x_wconf 88' lang='lat' dir='ltr'>some</span> <span class='ocrx_word' id='word_1_270' title='bbox 691 4835 752 4886; x_wconf 86' lang='lat' dir='ltr'>such</span> <span class='ocrx_word' id='word_1_271' title='bbox 764 4833 843 4895; x_wconf 78' lang='lat' dir='ltr'>word,</span> <span class='ocrx_word' id='word_1_272' title='bbox 853 4833 876 4883; x_wconf 87' lang='lat' dir='ltr'>ie</span> <span class='ocrx_word' id='word_1_273' title='bbox 886 4833 947 4883; x_wconf 88' lang='lat' dir='ltr'>here</span> <span class='ocrx_word' id='word_1_274' title='bbox 958 4831 1071 4902; x_wconf 76' lang='lat' dir='ltr'>missing.</span> 
     </span>
    </p>
   </div>
   <div class='ocr_carea' id='block_1_4' title="bbox 0 0 1704 5800">
    <p class='ocr_par' dir='ltr' id='par_1_4' title="bbox 0 0 1704 5800">
     <span class='ocr_line' id='line_1_39' title="bbox 0 0 1704 5800; baseline 0 0"><span class='ocrx_word' id='word_1_275' title='bbox 0 0 1704 5800; x_wconf 95' lang='lat' dir='ltr'> </span> 
     </span>
    </p>
   </div>
  </div>
 </body>
</html>
