3350 5800
603 889 896 942 esurussruusas.
1213 885 1278 946 213

219 1083 252 1142 et
276 1079 412 1144 missam
435 1081 476 1144 de
499 1079 650 1166 requiem
676 1082 893 1166 insequente
916 1082 979 1157 dic,
1003 1083 1093 1166 apud
1116 1104 1176 1146 nos
1198 1104 1275 1148 con-

220 1180 430 1258 ventualiter,
446 1181 585 1267 publice,
601 1186 636 1247 et
657 1181 873 1267 solempniter
887 1181 1063 1260 celebrari3
1086 1205 1125 1248 ac
1139 1184 1276 1270 insuper

220 1281 253 1344 in
277 1283 416 1369 singulis
439 1284 554 1348 diebus
586 1305 645 1369 per
675 1306 798 1348 annum
824 1283 902 1363 <Die
925 1282 1046 1363 Orsuae,
1069 1284 1266 1351 Parasceves

217 1388 252 1448 et
291 1383 405 1449 Sancti
443 1383 583 1449 Sabbati
621 1384 727 1448 solum
766 1385 925 1470 exceptis)
958 1406 1018 1470 per
1049 1407 1153 1450 unum
1186 1409 1274 1452 com-

217 1485 415 1549 monacbum
454 1493 488 1550 et
526 1486 726 1551 confratrem
765 1493 927 1562 nostrum,
964 1485 1124 1569 faciemus
1168 1510 1271 1553 unam

218 1585 350 1649 missam
375 1586 411 1650 in
433 1585 516 1651 hora
538 1587 604 1651 diei
628 1588 811 1660 undecima,
828 1588 872 1651 ad
887 1609 988 1651 unam
1007 1587 1113 1652 altere
1135 1589 1274 1654 inferius

217 1688 306 1769 quod
329 1710 395 1752 non
435 1688 530 1776 longe
565 1712 587 1753 a
608 1689 680 1754 loco
710 1687 893 1775 sepulturae
924 1688 1073 1773 ejusdem
1107 1691 1214 1776 patris
1237 1692 1272 1756 in

216 1787 340 1852 honore
379 1789 493 1856 Sancti
524 1789 686 1876 Stephani
716 1795 944 1855 consecratum
982 1795 1042 1869 est,
1077 1791 1149 1856 sine
1183 1797 1273 1869 nota,

216 1889 371 1956 similiter
393 1893 559 1958 celebrari.
607 1892 902 1976 Promittirnusque
929 1893 1028 1976 quod,
1050 1913 1111 1978 pro
1133 1892 1273 1979 singulis

214 1993 418 2076 septimanis,
456 1995 579 2080 singuli
610 1993 837 2059 commonachi
873 2000 907 2058 et
944 1993 1127 2059 confratres
1165 1997 1272 2060 nostri

213 2094 375 2178 praedicti,
413 2098 478 2180 qui,
512 2097 615 2180 juxta
647 2095 735 2180 quod
773 2116 888 2158 eorum
920 2094 1042 2180 singuli
1075 2095 1271 2162 sacerdotali

213 2193 322 2259 officio
354 2197 537 2274 constituti,
561 2219 645 2262 onus
679 2195 866 2261 celebrandi
902 2196 1008 2260 dictes
1045 2196 1162 2261 missas
1200 2197 1271 2263 sine

212 2304 295 2363 nota
317 2303 565 2386 septimanatirn
589 2302 793 2368 tenebuntur
807 2322 991 2386 agnoscere,
1008 2300 1138 2366 easdem
1154 2303 1271 2367 missas

210 2399 463 2480 celebraverint,
508 2405 627 2489 viginti
673 2403 836 2480 denarios,
882 2403 924 2466 de
968 2422 1098 2466 summa
1143 2409 1270 2488 septem

211 2501 375 2568 librarum
409 2507 570 2591 praedicta
582 2531 590 2586 ;
624 2507 826 2591 sacristaque
861 2505 1009 2589 ejusdem
1033 2504 1186 2582 eeclesiae,
1210 2529 1271 2592 pro

210 2610 357 2688 quatuor
380 2609 491 2684 cereiS,
514 2629 604 2693 quos,
628 2606 775 2692 singulos
797 2605 840 2669 ad
863 2605 973 2668 minus
1003 2611 1147 2690 quatuor
1169 2607 1271 2673 libras

210 2726 295 2771 cerae
327 2710 543 2786 continentes,
562 2711 665 2794 juxta
698 2706 903 2792 sepulturam
938 2705 1086 2785 eiusdem
1115 2729 1271 2774 reveren·

212 2806 342 2872 dissimi
381 2812 495 2896 patris,
543 2818 691 2898 ternpore
730 2808 946 2894 exequiarum
993 2813 1027 2873 et
1072 2808 1183 2874 missso
1228 2811 1269 2875 dc

212 2910 367 2996 requiem
388 2914 634 2999 praedictarum,
658 2912 797 3000 singulis
831 2912 928 2976 annis
950 2912 1195 2997 imperpetuum
1218 2936 1270 2978 ar-

212 3014 330 3079 dentes
364 3017 515 3081 invenire
550 3016 727 3092 tenebitur,
752 3013 893 3103 singulis
923 3014 1020 3078 annis
1043 3014 1127 3078 duos
1149 3015 1271 3081 solidos

212 3117 253 3181 de
277 3116 392 3183 eadem
415 3141 564 3199 summa;
585 3118 723 3184 clericus
745 3117 848 3194 chori,
868 3117 926 3202 qui
949 3138 1078 3202 semper
1101 3116 1271 3183 tenebitur

212 3219 355 3283 mundas
401 3242 534 3285 servare
581 3220 742 3305 imagines
787 3240 888 3304 super
935 3217 1043 3282 locum
1091 3218 1269 3303 sepultores

211 3320 294 3385 dicti
318 3324 424 3407 patris
457 3321 724 3387 reverendissimi
760 3320 970 3405 insculpatur,
994 3318 1062 3404 xvj.
1096 3320 1270 3401 denarios;

211 3427 246 3485 et
280 3428 425 3506 quatuor
458 3422 644 3508 pulsatores
679 3442 924 3506 campanarum,
962 3420 1020 3517 qui
1052 3420 1268 3505 exequiarum

210 3528 246 3587 et
269 3524 378 3588 missae
410 3524 642 3609 praedictarum
675 3530 822 3607 tempore
857 3542 1033 3607 campanas
1055 3520 1269 3608 solempniter

211 3622 406 3708 pulsabunt,
428 3627 511 3690 duos
545 3626 668 3689 solidos
702 3624 791 3688 inter
824 3644 868 3700 se,
891 3621 1044 3687 similiter
1075 3622 1117 3687 de
1139 3645 1269 3690 summa

212 3724 328 3789 eadem
341 3750 349 3803 ;
384 3732 418 3791 et
450 3732 557 3792 totam
590 3726 737 3811 ejusdem
771 3728 897 3810 septem
932 3723 1091 3788 librarum
1129 3745 1267 3791 summae

210 3827 378 3891 residuam
413 3832 550 3913 partem,
575 3825 731 3891 videlieet
763 3826 869 3911 xlviij.
899 3824 1029 3901 solidos,
1052 3824 1147 3889 Prior
1178 3848 1266 3891 com·

210 3926 363 3991 monaehi
398 3934 432 3993 et
466 3928 646 3994 confratres
669 3926 830 3992 antedicti
868 3925 957 3990 inter
978 3947 1021 4002 se,
1052 3945 1112 4010 per
1143 3926 1265 3991 disere·

209 4028 335 4093 tionem
359 4028 506 4113 ejusdem
539 4029 664 4094 Prioris
687 4034 721 4095 et
756 4028 922 4093 seniorum
946 4026 1003 4111 qui
1027 4047 1086 4112 pro
1117 4033 1265 4114 tempore

209 4129 347 4208 fuerint,
371 4132 595 4209 dividendam,
619 4132 780 4217 recipient
811 4129 950 4215 singulis
984 4128 1089 4205 annis,
1122 4129 1266 4195 fideliter

209 4231 448 4317 persolvendos.
497 4234 579 4313 Quae
595 4234 707 4297 omnia
731 4238 765 4297 et
788 4230 919 4316 singula
934 4251 994 4294 nos
1010 4230 1153 4295 Thomas
1170 4230 1265 4294 Prior

209 4340 244 4398 et
268 4332 460 4401 Conventus
493 4336 651 4421 praedicti,
676 4333 851 4398 bonafide
883 4338 982 4397 etex
1005 4337 1096 4396 certa
1126 4332 1265 4398 scientia

208 4438 444 4520 promittimus,
461 4444 495 4503 et
517 4460 577 4503 nos
601 4446 635 4503 et
651 4456 850 4502 successores
865 4439 994 4499 nostros
1009 4434 1253 4520 imperpetuum

207 4558 269 4623 pro
292 4539 431 4623 singulis
453 4540 549 4603 annis
565 4538 685 4623 quibus
702 4537 793 4602 (licta
815 4541 943 4622 septem
959 4534 1117 4599 librarum
1133 4556 1263 4599 summa

209 4660 268 4723 per
302 4639 406 4704 dictos
430 4639 609 4705 Custodem
633 4640 735 4704 socios
769 4644 804 4703 et
835 4636 975 4702 scolares
998 4636 1100 4701 suerit
1132 4634 1194 4699 hae
1220 4637 1262 4699 de

208 4762 310 4804 causa
342 4742 519 4826 persoluta,
542 4742 637 4807 nobis
673 4740 814 4806 fideliter
848 4744 1052 4815 servaturos,
1084 4736 1127 4801 ad
1159 4757 1264 4821 eaque

208 4839 324 4906 omnia
347 4847 382 4908 et
416 4843 555 4929 singula,
579 4842 665 4909 sieut
688 4841 914 4929 premittitur,
937 4839 1181 4927 imperpetuum
1205 4838 1262 4904 ob‹
