3350 5800
407 843 470 908 192
851 856 985 906 mm

402 1064 478 1109 cum
516 1043 580 1109 Dei
617 1043 735 1129 gratia,
767 1044 803 1108 in
837 1044 908 1109 voti
941 1045 994 1108 sui
1031 1043 1303 1130 supplementum
1338 1041 1466 1117 emissi,

402 1145 518 1222 adivit,
535 1147 570 1210 et
592 1146 725 1210 demum
747 1145 790 1210 ad
813 1145 974 1210 feretrum
997 1145 1114 1212 Sancti
1139 1146 1290 1212 llartiris
1314 1144 1465 1218 Thomae,

403 1247 522 1312 deinde
546 1270 619 1312 cum
644 1248 734 1312 illius
758 1246 907 1312 Martiris
929 1249 1047 1334 gratia,
1071 1270 1228 1336 prospere
1250 1252 1286 1313 et
1308 1247 1467 1333 pedester

402 1355 585 1416 revenerat.
630 1349 701 1414 Nos
724 1349 828 1435 igitur
851 1349 992 1434 gloriosi
1001 1350 1153 1415 Martiris
1168 1351 1304 1415 Thomae
1318 1349 1465 1437 gloriam

402 1452 465 1517 sub
499 1451 694 1538 ignorantia
728 1451 875 1517 tenebris
908 1452 1043 1518 latitare
1081 1453 1243 1531 nolentes,
1266 1453 1325 1518 sed
1361 1473 1466 1537 super

403 1553 481 1619 fidei
515 1555 749 1620 candelabrum
782 1554 936 1641 ponendo
972 1555 1124 1622 volentes
1156 1557 1292 1622 omnino
1330 1554 1465 1622 cunctis

403 1655 530 1722 Christi
562 1655 716 1721 fidelibus
739 1657 878 1722 eandem
910 1656 1095 1736 clarescere,
1119 1658 1155 1722 in
1190 1658 1317 1723 divinae
1342 1655 1464 1740 majes-

402 1757 484 1824 tatis
514 1757 655 1836 laudem,
678 1780 717 1823 ea
747 1779 822 1844 quae
857 1758 994 1843 dejure
1017 1760 1060 1825 ad
1090 1759 1325 1846 perfectionem
1347 1759 1462 1843 requi-

402 1865 524 1925 runtur
538 1860 698 1938 miraculi,
708 1861 771 1926 sub
787 1868 995 1927 sacramento
1010 1861 1093 1928 dicti
1108 1861 1294 1928 Alexandri
1308 1860 1463 1947 legitime

402 1961 530 2046 pridem
562 1966 704 2047 peracto,
737 1983 866 2028 necnon
899 1962 1041 2028 aliorum
1080 1963 1324 2049 fidedignorum
1365 1961 1463 2025 testi·

402 2061 522 2138 monio,
545 2062 731 2128 Alexandri
762 2065 848 2130 Arat
882 2065 1044 2150 generosi,
1067 2064 1206 2130 Roberti
1238 2064 1301 2128 filii
1336 2061 1463 2140 David,

402 2167 437 2228 et
460 2162 624 2229 Johannis
647 2165 782 2230 Thomae
804 2163 876 2242 lilii,
899 2164 941 2230 de
964 2165 1064 2251 opido
1086 2165 1249 2250 praedicto
1271 2165 1310 2228 in
1333 2164 1461 2241 Scocia,

402 2265 523 2345 subito,
548 2267 643 2352 quasi
666 2266 784 2333 divine
806 2267 1005 2354 providente
1028 2266 1215 2345 clemencie,
1238 2266 1382 2354 praefato
1405 2266 1462 2332 dis

402 2368 524 2434 mensis
547 2368 629 2434 Maii
652 2369 689 2433 in
711 2373 828 2434 nostra
858 2369 1037 2456 pressanda
1065 2369 1339 2455 comparentium,
1357 2368 1460 2453 juxta

397 2469 485 2555 juris
516 2470 719 2556 exigentiam
753 2471 791 2534 in
822 2476 939 2538 nostra
977 2475 1095 2537 sancta
1128 2471 1364 2536 cantuariensi
1398 2470 1461 2535 Ec-

403 2575 505 2640 clesia
536 2573 676 2640 fecimus
711 2575 926 2662 solempniter
957 2575 1129 2661 publicari.
1174 2574 1274 2641 Unde
1297 2573 1461 2639 universi-

402 2679 466 2743 tati
500 2681 620 2744 vestrso
656 2676 887 2764 supplicamus
926 2683 1092 2762 quatenus
1131 2676 1316 2764 dignemini
1350 2675 1461 2740 Deum

405 2778 540 2844 laudare
563 2780 599 2844 in
623 2777 755 2844 Sanctis
778 2777 856 2855 suia,
878 2783 914 2843 et
946 2778 1056 2864 dignis
1079 2777 1187 2843 eidem
1206 2778 1354 2864 jubilare
1376 2798 1461 2863 prae·

403 2881 506 2947 coniis
529 2880 587 2967 qui
611 2879 648 2945 in
672 2878 799 2945 meritis
835 2877 951 2947 Sancti
982 2878 1130 2945 Mentiris
1153 2879 1289 2946 Th0nrae
1311 2878 1461 2945 Cantus·

403 2982 520 3047 riensis
556 2981 735 3049 Ecclesiam
767 3003 871 3058 suam,
894 2981 1027 3046 unicam
1062 2980 1128 3045 eibi
1160 3002 1324 3068 sponsam,
1357 2980 1461 3045 variis

404 3083 654 3151 coruscantibus
688 3082 866 3160 miraculis,
901 3083 939 3147 in
970 3082 1196 3149 confusionem
1229 3082 1392 3150 haeresum
1426 3087 1462 3148 et

404 3208 561 3264 errorum,
584 3185 719 3251 mirifice
743 3184 922 3251 decoravit
969 3184 1056 3262 Dat,
1078 3190 1139 3250 etc.

264 3496 292 3543 1⁴
304 3492 372 3553 Soet
410 3492 820 3567 1033.-Acouraraurm
866 3504 1059 3553 assuerus
1096 3504 1207 3555 mora
1244 3489 1377 3554 Asnam
1416 3506 1462 3555 ns

281 3562 354 3608 ¹⁴⁴⁵·
587 3592 779 3657 Trurnsua
802 3606 841 3655 ru
872 3589 1053 3655 Histrum
1085 3606 1150 3654 eso
1180 3606 1375 3656 sonumoun
1404 3609 1460 3657 xa

240 3676 265 3727 S·
282 3673 361 3726 ¹⁶⁴⁶·
586 3710 768 3759 umnanuu
801 3708 841 3757 m
878 3708 1020 3757 rumam
1058 3708 1280 3757 souumoumr
1316 3710 1463 3760 currum

586 3810 862 3861 mastalonem
899 3811 966 3861 SUB
1002 3809 1216 3859 conmmonn
1252 3811 1461 3860 sunscnma

589 3914 632 3964 ΕΤ
654 3914 727 3965 NON
750 3913 884 3963 amnne

235 4071 388 4136 mecnap
453 4062 620 4129 Noverint
657 4062 804 4128 universi
851 4082 910 4148 per
947 4067 1127 4149 praesentes
1165 4082 1226 4127 nos
1271 4060 1462 4129 Johannem

239 4138 397 4258 {fflffssssg
409 4167 555 4233 Priorem
579 4170 613 4231 et
636 4164 850 4231 Conventum
873 4164 1026 4231 Ecclesiae
1058 4163 1184 4230 Christi
1208 4164 1461 4231 Cantuarieusis

237 4272 372 4338 receiptin
412 4270 574 4355 recepisse
597 4272 631 4332 et
653 4264 808 4331 habuisse
830 4288 891 4352 per
912 4286 1030 4329 manus
1052 4264 1187 4331 Thomae
1202 4265 1372 4343 wardia
1395 4267 1463 4333 De·

236 4340 381 4460 {liegii
411 4372 509 4441 cretis
542 4368 728 4446 Bacallarii,
751 4368 912 4433 nuncium
935 4366 1078 4431 Abbatis
1100 4371 1136 4431 et
1159 4365 1355 4432 Conventus
1388 4369 1463 4432 Mo·

236 4477 281 4527 the
294 4476 333 4525 ne
411 4472 548 4542 nasterii
594 4471 645 4535 De
683 4470 779 4546 Voto,
824 4468 951 4535 ordinis
997 4467 1235 4545 Cisterciensis,
1280 4468 1461 4535 Fernensis

237 4544 382 4671 uldini?
412 4576 571 4653 dioecesis,
594 4574 630 4637 in
653 4572 827 4650 Hibernia,
850 4571 1072 4659 quadraginta
1095 4570 1196 4635 libras
1218 4571 1465 4658 sterlingorum,

238 4673 383 4727 videdthat
412 4686 474 4747 etc.
498 4679 534 4743 in
566 4676 698 4763 plenam
731 4674 930 4739 solutionem
961 4678 1096 4739 centum
1130 4672 1373 4759 quinquaginta
1403 4696 1462 4741 sex

236 4738 387 4876 llidlllil
412 4782 571 4848 librarum
609 4782 736 4863 septem
768 4776 949 4843 solidorum
987 4779 1022 4841 et
1059 4779 1203 4860 quatuor
1241 4774 1463 4855 denariorum,
