3350 5800
420 840 486 903 266
866 853 1000 902 urruns

412 1030 594 1111 missorum,
619 1051 677 1117 per
711 1052 816 1096 unum
850 1052 1006 1108 mensem,
1029 1029 1094 1095 nisi
1126 1049 1226 1096 oense
1259 1027 1467 1096 rationabilis

412 1132 621 1199 interveniat.
676 1133 720 1198 Et
752 1132 842 1219 quod
874 1134 957 1198 bene
991 1132 1105 1199 licebit
1137 1131 1295 1218 praedicto
1319 1131 1466 1196 Hemico

415 1234 539 1301 Comiti
577 1241 612 1301 et
647 1235 825 1301 heredibus
862 1236 940 1313 suis,
977 1234 1022 1299 nd
1059 1234 1242 1321 quemlibet
1273 1232 1465 1318 hujusmodi

414 1338 581 1405 defectum
614 1340 868 1426 praemissoruns,
890 1339 961 1405 sive
994 1339 1034 1403 de
1068 1338 1181 1423 aliquo
1214 1337 1468 1422 praemissorum,

414 1462 474 1527 pro
496 1441 663 1527 praedictis
686 1446 821 1507 centum
848 1441 961 1506 solidis
984 1441 1020 1505 in
1043 1440 1202 1526 praedicto
1225 1439 1373 1504 dominio
1395 1439 1468 1503 sive

413 1544 571 1629 prioratu,
596 1548 630 1609 et
662 1544 695 1607 in
732 1544 881 1629 quelibet
911 1543 990 1607 indo
1019 1542 1170 1627 parcella,
1194 1541 1321 1606 intrare
1343 1545 1379 1605 et
1401 1540 1469 1604 dis·

414 1646 567 1731 tringere,
601 1645 824 1711 districtiones
857 1646 904 1711 sic
938 1650 1052 1731 eeptes
1085 1644 1255 1721 ebducere,
1286 1642 1410 1728 fugero,
1433 1647 1467 1707 et

414 1768 515 1833 penes
530 1767 565 1811 se
587 1748 738 1825 retinere,
755 1768 927 1833 quousque
948 1748 990 1813 de
1013 1770 1143 1813 summe
1157 1747 1317 1834 proedicto
1331 1751 1466 1812 centnm

414 1847 592 1915 solidorum
617 1849 664 1914 eis
686 1848 832 1934 plenarie
855 1850 901 1915 sit
915 1850 1130 1915 satisfactum
1178 1848 1314 1913 Proviso
1329 1868 1466 1933 semper,

414 1950 442 2015 si
482 1948 697 2035 imposterum
736 1950 911 2036 contingat
947 1950 1133 2016 dominium
1170 1950 1241 2014 sive
1281 1949 1466 2035 prioratum

414 2052 609 2138 predictum
641 2052 753 2138 eliquo
781 2052 876 2137 justo
913 2053 1023 2130 titulo,
1054 2059 1165 2117 ortum
1203 2052 1274 2118 sive
1304 2052 1465 2138 originem

414 2158 493 2219 ente
525 2153 642 2218 datum
678 2153 893 2239 praesentium
926 2152 1078 2230 habente,
1101 2160 1197 2218 extra
1228 2153 1466 2238 possessionem

415 2256 650 2344 praedictorum
684 2255 808 2321 Prioris
847 2262 882 2321 et
914 2255 1108 2321 Conventus
1145 2262 1207 2320 out
1243 2275 1464 2321 successorum

414 2379 548 2423 suorum
581 2358 698 2435 evinci,
733 2358 804 2423 sive
836 2379 951 2422 versus
990 2358 1078 2442 ipsos
1111 2358 1305 2443 recuperari,
1343 2358 1467 2443 ubsque

414 2481 525 2527 eorum
564 2460 777 2547 negligentia,
814 2460 920 2545 culpo,
951 2459 1140 2536 collusione,
1174 2480 1233 2523 seu
1267 2459 1375 2524 forms
1406 2466 1466 2524 eut

412 2565 525 2649 nliquo
546 2568 624 2629 ectu
648 2563 916 2639 renunciationis,
931 2562 968 2625 in
990 2583 1108 2627 munus
1130 2561 1267 2627 Domini
1289 2562 1390 2649 Regis
1412 2563 1466 2627 vel

413 2666 571 2731 heredum
595 2686 729 2731 suorum
751 2664 833 2751 cepi,
856 2672 892 2729 et
913 2664 1044 2741 resumi,
1067 2669 1103 2729 et
1125 2664 1275 2740 detineri,
1298 2665 1387 2749 quod
1409 2686 1466 2729 cx·

417 2771 500 2831 tunc
533 2764 684 2850 praedicti
720 2764 813 2829 Prior
836 2770 871 2829 et
894 2763 1088 2831 Conventus
1114 2770 1149 2829 et
1182 2786 1384 2831 successores
1413 2767 1465 2830 sui

415 2868 455 2934 de
492 2866 680 2954 praemissis,
718 2888 778 2954 per
816 2866 904 2953 ipsos
939 2864 1087 2932 Priorem
1119 2871 1155 2932 et
1185 2865 1398 2934 Conventum
1430 2869 1466 2934 in

413 2971 519 3038 forme
541 2969 700 3056 predicte
722 2969 892 3048 concessis,
915 2969 986 3034 sive
1018 2990 1131 3035 eorum
1153 2971 1274 3057 aliquo,
1297 2991 1365 3036 non
1389 2993 1465 3037 one·

414 3080 550 3152 rentur;
582 3093 643 3138 nec
677 3071 800 3137 eisdem
837 3072 945 3138 Priori
976 3076 1012 3138 et
1035 3072 1225 3138 Conventni
1246 3073 1318 3138 sive
1340 3095 1465 3140 succes·

413 3175 541 3241 soribus
573 3174 641 3239 suis
673 3173 779 3239 ullum
810 3173 1041 3260 praejudicium
1074 3175 1114 3238 de
1149 3176 1309 3260 praedicte
1338 3197 1467 3243 summe

413 3283 547 3344 centum
570 3276 758 3354 solidorum,
781 3276 817 3340 in
843 3276 947 3342 formo
969 3276 1130 3363 praedicts
1158 3297 1319 3353 concesse,
1342 3282 1466 3345 extunc

413 3379 481 3446 fist.
527 3377 663 3444 Proviso
687 3377 830 3462 insuper,
848 3378 938 3463 quod
960 3379 1074 3464 vigore
1097 3378 1312 3464 praesentium
1327 3400 1466 3466 persone

413 3481 563 3566 praedicti
579 3479 701 3544 Prior-is
723 3501 791 3545 non
813 3485 976 3560 oneretur,
992 3501 1054 3547 nec
1075 3501 1223 3566 personae
1245 3502 1466 3548 successorum

414 3605 547 3649 suorum
585 3587 772 3659 onerentur,
815 3582 857 3647 de
902 3582 1070 3669 praedictis
1107 3588 1241 3648 centum
1279 3583 1393 3650 solidis
1430 3585 1466 3650 in

413 3683 519 3750 forme
549 3684 708 3771 praedicte
743 3683 921 3761 solvendis,
943 3706 1050 3770 neque
1084 3685 1125 3750 de
1148 3685 1261 3770 aliquo
1290 3685 1369 3751 inde
1391 3709 1466 3773 per·

413 3786 505 3864 celle,
538 3809 597 3874 per
630 3786 794 3852 ortionem
828 3788 900 3851 sive
932 3786 1032 3852 breve
1067 3787 1109 3851 de
1141 3787 1264 3864 debito,
1293 3792 1347 3852 set
1378 3792 1466 3875 quod

414 3892 547 3952 tentum
570 3888 765 3974 praedictum
789 3887 973 3952 manerium
1004 3889 1075 3952 sive
1099 3889 1282 3953 dominium
1305 3889 1346 3954 de
1370 3888 1465 3956 Pam-

413 3988 482 4054 leld
496 4009 572 4054 cum
588 3987 798 4074 pertinentiis
822 3988 863 4052 de
879 3988 1001 4053 eisdem
1018 3993 1151 4054 centum
1166 3990 1288 4067 solidis,
1302 3992 1339 4054 in
1362 3993 1466 4058 forme

414 4088 573 4175 praedicte
606 4088 781 4168 solvendis,
805 4095 972 4155 oneretur.
1018 4091 1061 4155 Iu
1093 4092 1321 4157 testimonium
1353 4107 1465 4159 eutem

413 4191 514 4278 hujus
535 4197 658 4256 nostrae
693 4192 910 4257 concessionis
945 4192 1004 4256 uni
1036 4193 1125 4278 perti
1149 4193 1247 4278 hujus
1271 4194 1465 4274 indenturae,

413 4316 515 4382 penes
536 4294 711 4380 praefutum
727 4294 1037 4358 reverendissimum
1055 4293 1237 4360 Dominum
1251 4296 1462 4363 Cerdinelem

415 4404 450 4463 et
483 4397 663 4462 Dominum
697 4395 862 4462 Comitem
899 4396 1093 4473 remanenti,
1130 4396 1277 4483 sigillum
1314 4404 1467 4466 nostrum

415 4521 587 4568 commune
621 4498 855 4585 apposuimus;
892 4500 989 4565 alteri
1029 4521 1108 4565 vero
1144 4500 1243 4587 parti,
1275 4522 1375 4586 penes
1406 4525 1467 4571 nos

417 4602 610 4679 remanenti,
647 4599 779 4686 praefeti
820 4600 1114 4666 reverendissimus
1151 4600 1315 4667 Dominus
1353 4603 1467 4670 Cordi-

417 4703 502 4769 nslis
547 4709 582 4768 et
620 4701 782 4768 Dominus
814 4701 933 4768 Comes
979 4701 1089 4788 sigilla
1127 4724 1188 4766 sue
1232 4712 1469 4789 opposuerunt.
