3350 5800
576 846 867 897 cmuruanmrsas.
1193 837 1258 902 215

178 1038 581 1121 expensas'necessarias
606 1086 612 1102 .
635 1088 641 1103 .
665 1088 671 1101 .
695 1086 810 1104 .....
964 1042 1124 1106 concessit
1146 1043 1259 1127 ipsum

178 1156 348 1202 mansum
373 1137 574 1203 sufficienter
596 1158 748 1223 reperere
771 1144 806 1204 et
828 1139 925 1204 bonis
940 1141 1010 1205 suis
1032 1147 1256 1218 manutenere,

179 1238 259 1302 sine
298 1238 491 1325 sumptibus
525 1246 559 1305 et
593 1242 747 1327 expensis
781 1243 914 1319 nostris,
937 1244 1080 1309 durante
1113 1246 1256 1310 termino

181 1340 272 1407 vitae
308 1363 379 1407 suae
411 1343 576 1428 predicto.
623 1344 733 1408 Etiam
757 1344 841 1408 bene
871 1345 986 1411 licebit
1009 1346 1106 1410 nobis
1128 1353 1163 1412 et
1185 1368 1258 1412 suc·

180 1444 379 1509 cessoribus
402 1445 525 1510 nostris
548 1445 673 1510 dictum
697 1467 859 1521 mansum,
882 1452 959 1531 post
982 1446 1152 1512 decessum
1176 1449 1257 1513 dicti

181 1544 332 1610 Domini
355 1546 468 1623 Ducis,
491 1546 592 1611 libere
616 1548 770 1611 intrare.
796 1596 803 1612 .
827 1598 834 1613 .
860 1598 866 1612 .
891 1597 929 1613 ..
1122 1550 1257 1635 pacifice

182 1648 371 1732 possidere,
386 1650 457 1713 sine
480 1649 711 1715 reclamatione
727 1672 785 1713 seu
800 1651 1062 1716 contradictione
1076 1652 1257 1735 haeredum,

184 1756 423 1830 executorum,
446 1752 517 1817 sive
540 1752 783 1838 assignatorum
807 1752 944 1817 Domini
968 1752 1071 1817 Ducis
1094 1755 1255 1840 praedicti,

184 1852 253 1917 hae
280 1854 487 1917 concessione
509 1854 579 1917 sive
602 1854 792 1919 dimissione
815 1855 851 1919 in
866 1855 982 1939 aliquo
1005 1877 1072 1919 non
1096 1856 1259 1921 obstante·

187 1954 231 2018 In
248 1956 349 2041 eujus
370 1956 417 2020 rei
441 1956 640 2031 testimonio,
656 1962 715 2021 etc.
762 1956 853 2021 Data
876 1954 1080 2035 cantuariae,
1097 1958 1132 2021 in
1149 1958 1256 2025 Domo

187 2062 311 2123 nostro
342 2056 537 2143 Capitulari,
576 2058 820 2143 quintodecimo
859 2059 913 2123 die
955 2060 1078 2123 mensis
1120 2060 1256 2146 Aprilis,

188 2182 285 2225 anno
315 2160 408 2247 regni
432 2159 531 2247 Regis
555 2159 692 2225 Henrici
717 2160 813 2225 Sexti
837 2168 913 2246 post
944 2168 1164 2247 conquestum
1196 2165 1256 2229 tri-

186 2264 316 2327 cesimo
338 2262 455 2348 primo.
1079 2262 1083 2267 ’

192 2486 574 2553 lota-Sassuram
605 2502 649 2553 lc
682 2502 976 2551 sruoumlussmo
1013 2504 1153 2552 nouruo
1184 2488 1254 2551 Do·
1296 2497 1398 2558 (14⁵4.)

376 2605 465 2654 mro
480 2589 641 2654 Jonauur
658 2588 785 2655 Oomr1
803 2588 1036 2653 Wroourausr
1059 2606 1097 2653 nr
1121 2605 1251 2655 rasus·
1266 2630 1301 2679 N,
1313 2634 1360 2682 ,3⁶
1371 2631 1395 2681 b·

376 2706 522 2756 uranus
546 2691 716 2755 Parravn
738 2706 864 2755 Mosam
886 2706 1072 2755 rasurum.

242 2830 461 2895 Serenissimo
506 2830 652 2906 dominc,
697 2834 797 2916 atque
844 2830 1107 2916 singularissimo
1151 2831 1252 2917 hujus
1265 2854 1335 2906 John
1346 2852 1408 2917 rap.

194 2939 412 2998 sacrosanctae
436 2931 685 2998 Cantuariensis
702 2931 856 2997 Ecclesiae
878 2931 1092 3008 benefactori,
1106 2933 1251 2997 Domino
1263 2920 1425 3039 ffistpvffssgsss·

195 3035 344 3099 ,Iohanni
361 3033 484 3100 Comiti
499 3035 746 3121 Wygorniensi,
770 3033 985 3098 devotissimo
1008 3031 1134 3100 Christi
1157 3057 1250 3120 pere·
1261 3060 1308 3112 ter,
1320 3053 1376 3114 hae,

194 3138 301 3224 grino,
341 3138 488 3203 Pattavii
534 3159 622 3202 nunc
660 3159 787 3201 moram
821 3137 979 3214 trahenti,
1012 3137 1071 3201 nbi
1102 3159 1251 3224 purpura
1261 3119 1407 3249 ᾖξῖξιῑῶ

198 3238 321 3324 eloquii
353 3238 576 3324 cujuscunque
609 3239 800 3304 excellentis
832 3239 967 3304 inaurat
1007 3240 1144 3304 materie
1182 3263 1250 3305 me·
1263 3253 1341 3301 enred
1350 3251 1418 3301 from

191 3341 370 3425 jestatem3
403 3341 580 3405 humillimi
604 3347 748 3406 oratores
772 3347 806 3406 et
837 3341 1001 3427 supplices
1024 3342 1086 3420 sui,
1109 3341 1251 3407 Thomas
1264 3318 1417 3435 ffiffigff

197 3444 292 3508 Prior
315 3444 413 3508 dictae
429 3442 676 3509 Cantuariensis
701 3442 856 3508 Ecclesiae
879 3448 914 3507 et
936 3445 1036 3508 ceteri
1060 3445 1252 3522 confratres,
1264 3451 1320 3500 that
1330 3466 1406 3514 every

197 3547 417 3633 amplissimas
450 3546 575 3633 gratias
608 3545 787 3610 secundum
821 3566 918 3609 suum
957 3546 1043 3610 exile
1077 3568 1180 3632 posse,
1214 3518 1427 3635 acfflffi‘shtff

197 3649 268 3712 sine
291 3648 544 3726 intermissione,
567 3667 705 3712 summae
728 3647 915 3711 devotionis
937 3647 1059 3725 studi0,
1074 3649 1120 3712 sic
1143 3649 1249 3733 ipsum
1263 3650 1387 3706 Thomas.

198 3751 457 3814 dominationem
495 3771 554 3835 per
592 3748 717 3813 hostias
755 3748 979 3834 placationum
1013 3748 1084 3813 Deo
1122 3718 1426 3848 offerraffyoyaoegn

199 3859 373 3938 quatenus,
391 3857 551 3938 perpetua
581 3872 702 3915 corona
723 3850 846 3935 gloriae,
870 3850 1032 3916 dissoluta
1062 3851 1162 3937 hujus
1193 3853 1251 3917 ha·
1264 3848 1424 3900 s⁰¹²wh0¹⁰

198 3953 370 4019 bitationis
402 3954 508 4032 domo,
532 3951 615 4018 coelo
646 3951 848 4016 aeternaliter
870 3951 1108 4038 magnificetur.
1154 3930 1423 4047 filus-didimia·

198 4055 342 4120 trissime
373 4055 517 4133 domine,
547 4065 697 4118 nentrum
728 4053 827 4118 decus
859 4059 893 4118 ct
924 4054 1157 4139 patrocinium,
1187 4051 1391 4165 fidofflllll‘g?

199 4157 305 4223 relatu
330 4157 515 4235 didicimus,
531 4155 617 4220 hanc
640 4155 818 4232 ecclesiam,
836 4177 909 4240 quae
932 4177 1045 4221 cruore
1068 4179 1162 4222 roseo
1184 4159 1253 4244 glo·
1266 4183 1375 4245 panes
1385 4187 1413 4230 to

198 4259 276 4322 riosi
301 4258 460 4344 Martyris
492 4257 661 4321 rubricata
690 4255 806 4341 pulcra
842 4255 933 4321 facta
964 4262 1023 4334 est,
1053 4262 1088 4323 et
1125 4281 1254 4376 semper
1266 4249 1416 4377 &alm-⁸

198 4367 368 4446 comparet
405 4361 561 4446 speciosa,
599 4379 697 4438 nunc,
736 4363 775 4422 ut
813 4357 897 4422 felix
942 4381 1052 4424 rerum
1091 4379 1411 4429 success1osenesaud

197 4462 309 4529 felices
332 4464 479 4548 priorum
504 4482 672 4527 successus
694 4467 882 4545 temporum
904 4461 1027 4540 vineat,
1052 4467 1087 4527 et
1108 4464 1250 4548 priorem
1263 4446 1399 4561 ffiffi

196 4565 337 4652 gloriam
359 4565 424 4629 hiis
439 4563 629 4629 novissimis
652 4561 768 4627 diebus
784 4561 910 4648 gaudia
932 4563 1115 4628 novissima
1137 4585 1250 4649 super·
1266 4576 1379 4656 cincun

198 4671 266 4745 ent,
297 4671 410 4731 vestra
437 4666 513 4752 jugi
547 4665 730 4753 diligentia,
765 4662 855 4727 sanis
889 4668 924 4727 et
960 4664 1083 4728 crebris
1121 4665 1251 4745 mediis,
1264 4641 1392 4762 {pnpgpf

198 4774 297 4856 atque
328 4769 450 4834 sanctis
482 4773 517 4834 et
554 4767 695 4832 assiduis
718 4765 898 4842 laboribus,
929 4765 1252 4851 magnificentissime
1264 4787 1327 4823 ms.
1361 4775 1416 4824 The

198 4869 451 4936 sublimandam.
513 4869 604 4949 Quae,
650 4868 713 4932 etsi
769 4865 885 4930 multis
930 4867 1158 4951 praerogativis
1205 4869 1253 4934 in.
1264 4841 1326 4954 ἓξὲξ
1334 4839 1397 4956 ἐζξθ
1397 4841 1425 4889 ¹⁶
