3350 5800
587 912 877 962 ciuruiarsvsrs.
1192 902 1254 965 2:31

198 1087 389 1172 provisione
435 1089 538 1152 trium
585 1088 726 1152 millium
772 1090 945 1154 hominum
994 1091 1255 1177 sagittariorum,

196 1190 364 1255 dictorum
388 1190 509 1277 viginti
534 1190 674 1253 millium
700 1191 873 1254 hominum
898 1192 1162 1279 sagittariorum,
1193 1215 1254 1277 pro

197 1290 321 1355 Wallia
344 1296 378 1355 et
401 1290 562 1355 comitatu
586 1287 732 1365 Gestriae,
758 1296 792 1356 et
815 1290 960 1355 aliorum
983 1292 1086 1356 trium
1110 1293 1254 1357 millium

196 1392 372 1457 hominum
395 1392 642 1480 sagittariorum
667 1414 728 1477 pro
751 1392 905 1457 Dominis
921 1393 1003 1457 dicti
1027 1395 1121 1481 regni
1136 1396 1254 1473 nostri,

197 1500 233 1559 et
262 1494 352 1559 ultra
384 1496 445 1559 hoc
476 1494 566 1559 mille
598 1495 770 1558 hominum
802 1496 1064 1582 sagittariorum,
1088 1496 1254 1562 dictorum

196 1596 320 1684 viginti
366 1596 507 1660 millium
551 1598 723 1660 hominum
766 1598 1025 1684 sagittariorum,
1061 1596 1102 1662 de
1143 1600 1254 1686 gratia

196 1699 330 1784 speciali
363 1705 397 1764 et
431 1720 522 1764 mero
557 1705 650 1764 motu
681 1700 815 1777 nostris,
838 1700 896 1784 qui
931 1722 967 1765 se
1000 1700 1187 1767 extendunt
1216 1703 1254 1766 in

197 1808 271 1867 toto
292 1802 335 1865 ad
358 1823 534 1867 numerum
557 1805 683 1887 septem
711 1802 855 1866 millium
879 1802 1149 1891 sagittariorum:
1180 1825 1253 1883 nos,

197 1904 239 1969 de
263 1904 469 1969 avisamento
492 1910 526 1969 et
549 1925 685 1968 assensu
716 1903 938 1969 Dominorum
968 1906 1194 1991 spiritualium
1217 1912 1253 1971 et

195 2007 431 2093 temporalium
454 2006 490 2069 in
513 2007 602 2071 dicto
633 2004 854 2092 parliamento
884 2011 999 2072 nostro
1023 2008 1251 2085 existentium,

194 2130 234 2172 ac
272 2107 471 2173 auctoritate
510 2106 665 2191 ejusdem,
701 2107 928 2191 acquietamus
967 2115 1002 2173 et
1034 2130 1250 2174 exoneramus

194 2210 303 2275 dictas
348 2208 612 2275 communitates
658 2214 788 2274 nostras
834 2210 983 2274 omnium
1021 2211 1250 2289 comitatuum,

195 2312 386 2389 civitatum,
410 2316 443 2376 et
466 2312 648 2398 burgorum
680 2310 762 2376 dicti
795 2312 890 2399 regni
927 2312 1046 2390 nostri,
1069 2318 1103 2378 et
1136 2334 1250 2379 eorum

192 2412 380 2497 cujuslibet,
397 2412 544 2498 exceptis
566 2412 727 2477 comitatu
751 2410 891 2479 Oestriae
914 2418 949 2479 et
971 2415 1090 2500 patriis
1107 2414 1249 2493 Walliee,

193 2516 236 2577 de
260 2513 457 2578 omnimodis
481 2512 649 2591 electione,
672 2513 872 2593 avisatione,
894 2515 1096 2599 provisione,
1126 2523 1161 2581 et
1192 2540 1250 2580 cx-

195 2615 359 2679 hibitione
390 2615 570 2679 eorundem
603 2619 729 2699 septem
764 2615 908 2679 millium
939 2615 1111 2680 hominum
1149 2619 1250 2706 sagit·

195 2718 368 2794 tariorum,
398 2722 432 2782 et
461 2716 640 2802 cujuslibet
678 2738 792 2781 eorum
815 2724 943 2803 septem
973 2718 1116 2783 millium
1145 2720 1252 2784 homi·

196 2812 278 2886 num
319 2820 577 2910 sagittariorum.
635 2819 680 2884 Et
717 2821 805 2904 quod
849 2821 947 2886 dictae
987 2820 1251 2889 Communitates

195 2930 327 3003 nostrae,
360 2923 506 3008 exceptis
539 2923 768 3009 praeexeeptis,
799 2923 946 2988 haeredes
980 2925 1044 3002 sui,
1075 2925 1173 3003 bona,
1199 2948 1252 2991 ca·

197 3027 287 3104 talla,
326 3033 436 3103 terrae,
481 3029 681 3102 tenemento,
728 3031 762 3089 et
807 3025 1027 3111 possessiones
1073 3029 1252 3092 eorundem

198 3127 496 3203 Communitatum,
530 3131 563 3190 et
597 3147 711 3190 eorum
745 3127 932 3211 cujuslibet,
955 3128 991 3191 in
1024 3126 1121 3193 dictis
1152 3130 1252 3194 comi-

201 3231 338 3305 tatibus,
385 3228 589 3306 civitatibus,
629 3233 664 3293 et
707 3228 834 3316 burgis
877 3251 934 3293 seu
981 3251 1095 3294 eorum
1140 3231 1252 3316 aliquo

199 3331 417 3397 existentium
448 3332 519 3395 sive
545 3331 737 3414 jacentium,
770 3336 867 3396 extra
900 3332 1026 3397 dietum
1056 3333 1252 3399 comitatum

197 3435 336 3501 Cestriae
368 3441 402 3498 et
432 3433 557 3519 patrias
583 3432 722 3511 Walliae,
748 3435 790 3498 de
819 3435 918 3499 dictis
948 3442 1075 3520 septem
1105 3437 1252 3501 millibus

197 3537 370 3601 hominum
413 3535 673 3622 sagittariorum,
703 3541 738 3600 et
773 3535 814 3599 de
857 3535 1054 3599 omnimodis
1085 3536 1252 3613 electione,

197 3637 398 3711 arisatione,
441 3636 639 3721 provisione,
687 3635 901 3713 exhibitione,
943 3636 1172 3714 solutionibus,
1218 3644 1252 3702 et

198 3739 351 3804 omnibus
382 3738 423 3801 de
454 3743 488 3802 et
519 3759 579 3822 pro
611 3743 737 3823 septem
770 3737 918 3801 millibus
947 3737 1119 3801 hominum
1150 3739 1252 3826 sugit·

197 3843 369 3916 tariorum,
401 3845 435 3904 et
466 3860 580 3904 eorum
615 3839 799 3922 cujuslibet,
835 3860 914 3923 erga
954 3861 1015 3902 nos
1041 3844 1075 3903 et
1105 3839 1250 3904 haeredes

198 3950 335 4018 nostros,
361 3942 560 4007 auctoritate
581 3942 780 4027 supradicta,
796 3941 901 4026 quieti
926 3941 994 4005 sint
1020 3946 1054 4006 ct
1078 3944 1250 4008 exonerati

198 4047 453 4132 imperpetuum.
515 4043 561 4108 Et
591 4045 726 4128 insuper
756 4041 992 4119 ordinavimus,
1023 4044 1250 4120 concessimus,

198 4155 232 4214 et
247 4147 481 4222 stabilivimus,
496 4145 694 4211 auctoritate
721 4143 919 4230 supradicta,
935 4145 1023 4230 quod
1039 4165 1124 4208 unus
1140 4152 1249 4210 certus

197 4253 287 4315 locus
319 4248 409 4312 infra
439 4247 566 4312 dictum
599 4269 736 4335 regnum
767 4252 927 4323 nostrum,
958 4268 996 4311 ac
1024 4267 1110 4310 unus
1140 4254 1249 4312 certus

195 4353 274 4428 dies,
307 4358 341 4415 et
365 4371 432 4414 non
458 4349 581 4413 diversi
606 4371 665 4413 nec
680 4351 799 4434 plures,
824 4347 964 4412 monstri
989 4348 1060 4412 sive
1086 4355 1249 4414 monstru-

195 4453 297 4519 tionis
327 4451 490 4518 dictorum
516 4450 690 4515 tresdecim
717 4449 859 4514 millium
886 4448 1058 4513 hominum
1080 4448 1247 4536 sagittari-

196 4578 291 4620 orum
322 4553 562 4618 remanentium
587 4553 628 4616 de
644 4551 741 4616 dictis
757 4551 880 4639 viginti
903 4551 1050 4615 millibus
1075 4549 1245 4614 hominum

196 4655 452 4746 sagittariorum,
479 4653 682 4730 ordinentur,
698 4657 968 4738 appunctuentur
992 4656 1027 4715 et
1052 4650 1246 4718 limitentur.
