3350 5800
587 908 879 960 carrusamusrs.
1174 897 1237 958 221

155 1088 403 1179 quadraginta
434 1092 605 1171 librarum,
650 1116 748 1179 quem
794 1094 927 1179 quidem
967 1094 1112 1158 valorem
1146 1093 1234 1157 idem

157 1188 343 1257 Dominus
378 1195 459 1272 Rex,
493 1197 528 1260 in
571 1196 664 1281 cujus
695 1196 870 1261 voluntate
900 1202 935 1261 et
966 1196 1106 1261 arbitrio
1136 1196 1236 1259 iidem

157 1290 313 1358 Domini
353 1294 604 1363 cantuariensis
642 1304 677 1363 et
723 1297 939 1363 Eboracensis
979 1298 1238 1383 Archiepiscopi,

159 1400 344 1477 quantum
367 1398 410 1463 ad
434 1400 504 1477 hoc,
527 1422 562 1465 se
585 1399 807 1477 submiserint,
839 1400 1026 1486 specialiter
1048 1399 1240 1475 declaravit,

158 1494 355 1563 efficaciter
384 1500 529 1577 mittere,
559 1508 594 1566 et
625 1502 766 1587 quilibet
796 1502 940 1566 nuncius
972 1501 1020 1565 sic
1042 1500 1238 1575 mittendus,

161 1600 293 1664 statim
334 1608 509 1688 postquam
547 1606 594 1669 sic
626 1604 813 1669 destinatus
852 1612 887 1670 et
918 1604 1093 1669 ordinatus
1131 1603 1237 1668 fuerit

162 1720 230 1785 pro
256 1703 430 1769 delatione
465 1705 619 1791 imaginis
643 1706 696 1771 vel
714 1706 834 1791 jocalis
869 1706 1030 1791 praedicti,
1055 1706 1120 1771 iter
1143 1705 1239 1769 effec-

163 1804 318 1869 tualiter
341 1807 487 1892 arripere
511 1814 545 1872 et
567 1830 698 1893 gressus
721 1830 797 1872 suos
816 1808 941 1892 absque
965 1808 1041 1873 dolo
1064 1812 1099 1872 et
1121 1807 1239 1871 fraude
1297 1854 1302 1862 .

166 1926 296 1969 versus
331 1907 453 1972 dictam
479 1906 751 1974 cantuariensem
777 1907 947 1973 ecclesiam
981 1908 1185 1983 continuare,
1208 1914 1242 1973 et

167 2004 268 2071 infra
292 2008 399 2073 dictos
423 2010 505 2073 duos
533 2032 659 2074 menses
690 2010 886 2075 confirmare
908 2015 1064 2075 teneatur
1089 2009 1240 2074 fideliter.

169 2105 318 2173 Etcum
343 2110 531 2195 hujusmodi
555 2113 693 2178 nuntius
724 2113 767 2177 ed
791 2111 961 2177 ecclesiam
984 2112 1091 2198 ipsam
1115 2109 1241 2177 Cantu-

170 2209 346 2275 ariensem
369 2213 416 2277 sic
438 2213 578 2290 venerit,
609 2214 732 2278 dictam
764 2214 943 2301 imaginem
974 2214 1029 2278 vel
1055 2213 1163 2298 jocale
1197 2214 1240 2277 ad

173 2310 347 2378 feretrum
362 2316 496 2401 gloriosi
514 2316 674 2402 Martyris
699 2316 794 2381 Beati
811 2316 956 2392 Thomae,
971 2316 1098 2380 dudum
1114 2314 1241 2382 Cantu-

175 2414 325 2480 ariensis
364 2416 624 2503 Archiepiseopi,
663 2418 698 2481 in
740 2420 900 2483 honorem
946 2424 981 2483 et
1018 2418 1241 2483 reverentiam

178 2514 249 2581 Dei
292 2538 329 2583 uc
361 2518 464 2603 ipsius
503 2520 674 2605 Martyris
707 2520 908 2605 praemunito
938 2526 1016 2585 ante
1056 2522 1240 2607 ingressum

178 2619 339 2684 cimiterii
363 2620 461 2685 dictae
495 2620 638 2686 ecclesiae
661 2620 804 2685 Domino
827 2621 950 2700 Priore,
975 2622 1030 2685 vel
1054 2621 1243 2706 Suppriore,

181 2742 240 2785 seu
275 2721 479 2787 Praecentore
510 2723 614 2808 ipsius
637 2723 800 2799 Ecclesiae,
833 2722 861 2786 si
896 2728 1074 2809 praesentes
1106 2722 1243 2800 fuerint,

181 2830 246 2887 aut
269 2822 387 2888 saltem
411 2824 570 2888 monacho
588 2821 733 2889 Custode
753 2822 870 2888 feretri
887 2824 999 2910 ipsius,
1023 2824 1242 2889 effectualiter

183 2926 297 3010 palam
313 2931 348 2991 et
370 2925 500 3012 publice
528 2925 644 2991 offeret
666 2932 701 2990 et
724 2926 850 2991 devote.
897 2926 933 2990 Si
961 2949 1041 2991 vero
1063 2926 1244 2991 Dominum

184 3027 426 3093 Eboraceneem
463 3028 756 3113 Archiepiscopum
791 3027 944 3113 aliquem,
983 3035 1157 3114 postquam
1194 3029 1245 3092 iu·

185 3151 319 3214 gressus
352 3130 555 3215 provinciam
584 3127 857 3194 Centuan'ensem
897 3136 932 3195 et
961 3131 1161 3195 delationem
1184 3151 1244 3216 per

187 3236 258 3295 tres
289 3232 360 3295 diee
399 3231 514 3297 feeerit
544 3231 649 3296 crucis
687 3252 756 3295 suae
794 3231 829 3294 in
869 3231 992 3308 eadcnr,
1030 3239 1109 3296 ante
1145 3231 1244 3295 finem

188 3333 331 3397 duorum
369 3333 543 3409 mensium,
573 3333 740 3397 oblatione
786 3332 945 3416 praedicta
988 3332 1113 3398 feretro
1150 3333 1246 3397 Beati

189 3433 325 3498 Thomas
352 3440 391 3499 ut
422 3433 639 3520 praemittitur
661 3455 729 3498 non
756 3432 854 3510 laeta,
876 3433 1032 3499 decedere
1047 3432 1243 3522 contigerit,¹

188 3557 360 3600 successor
400 3536 547 3621 ejusdem
590 3535 762 3621 proximus
793 3536 981 3621 quicunque
1011 3537 1118 3622 ipsam
1156 3534 1247 3600 obla·

190 3639 324 3715 tionem,
348 3659 409 3723 pro
439 3638 529 3702 dicta
560 3637 720 3704 dilatione
742 3639 849 3704 crucis
879 3660 948 3703 suae
979 3659 1039 3723 per
1068 3638 1247 3723 praedeces-

191 3739 322 3804 serem2
349 3762 454 3819 suum,
471 3739 607 3804 realiter
631 3739 740 3805 facere
756 3745 917 3805 teneatur.
963 3739 1006 3804 In
1029 3741 1247 3825 parliamento

192 3849 312 3919 autem,
337 3843 544 3916 tractatibus,
573 3849 607 3908 et
630 3842 775 3906 consiliis
808 3842 916 3929 regiis,
942 3842 1074 3926 quando
1101 3840 1248 3906 Cantuu·

192 3946 309 4010 n'ensis
347 3952 382 4011 et
406 3945 625 4010 Eboracensis
655 3944 906 4030 Archiepiscopi
929 3945 1030 4008 simul
1067 3951 1248 4030 praesentes

192 4047 327 4122 fuerint,
352 4047 540 4132 quicunque
577 4045 827 4112 cantuariensis
852 4045 1138 4133 archiepiscopus,
1170 4049 1249 4133 quia

144 4193 146 4196 ψ
193 4147 339 4212 Ecclesia
380 4146 631 4213 Cautuarieneis
678 4147 847 4232 antiquior
900 4154 935 4212 et
980 4149 1249 4233 praeeminentior

194 4249 264 4314 iore
288 4249 480 4325 dinoscitur,
503 4250 545 4313 ad
573 4248 707 4313 Domini
741 4248 842 4336 Regis
865 4250 1040 4314 dexteram
1065 4251 1249 4330 assidebit3

194 4357 228 4416 et
285 4349 446 4436 praefatus
497 4350 713 4414 Eboracensis
771 4349 1047 4437 Archiepiscopus
1104 4353 1249 4418 existens

194 4475 255 4538 pro
296 4459 445 4538 tempore
476 4452 519 4516 ad
556 4451 732 4516 sinistram.
795 4449 889 4517 Crux
919 4457 1032 4517 autem
1075 4451 1250 4518 Cantauri-

192 4555 280 4620 ensis
311 4554 558 4640 Archiepiscopi
590 4575 632 4618 ex
671 4559 764 4639 parte
803 4555 942 4619 dextera
967 4554 1045 4619 lecti
1075 4554 1167 4639 regii,
1191 4575 1250 4618 seu

231 4818 238 4850 ¹
257 4819 392 4878 desederit,
404 4820 464 4871 MS.
710 4819 716 4884 Ι
776 4815 997 4880 ²proedecessores
1016 4817 1072 4866 MS.
