3350 5800
565 891 856 941 cnsrunnmusns.
1196 878 1235 937 15

190 1142 418 1209 sca-corn
452 1158 701 1208 onorusrronrs
734 1157 921 1207 cucusum
951 1157 1136 1206 causamn
1159 1157 1238 1205 srva
1278 1158 1380 1223 aspar

341 1261 501 1311 commu
540 1260 602 1307 rsa
638 1243 853 1308 Maursruuu
891 1243 1087 1309 Rosnnrun
1122 1244 1239 1307 Baso-
1292 1231 1364 1277 ¹³⁹³·

344 1361 445 1423 cans,
469 1360 642 1411 ruunarra
679 1361 716 1408 lu
752 1360 918 1409 accursu
942 1361 1155 1409 panormam
1191 1362 1238 1409 nn
1253 1366 1282 1416 s.
1296 1364 1357 1415 rra.

345 1449 542 1523 Buconica
567 1446 851 1512 Caurunsruusrs
874 1462 1050 1511 armensis,

232 1588 273 1651 In
296 1588 429 1652 nomine
452 1587 561 1651 Patris
584 1592 617 1651 et
643 1586 721 1650 Filii
746 1592 781 1651 at
799 1586 947 1672 Spiritus
962 1586 1098 1653 Sancti:
1121 1590 1238 1652 Amen.
1252 1593 1394 1671 Therona-

188 1687 242 1752 nd
264 1688 422 1753 honorem
452 1688 667 1753 sanctissimae
699 1692 734 1751 et
757 1687 941 1752 individuas
963 1687 1138 1753 Trinitatis
1163 1689 1237 1754 Patr
1251 1662 1382 1777 {2232st

189 1790 243 1867 ris,
275 1796 310 1855 et
342 1788 428 1868 Filii,
464 1796 498 1855 et
521 1790 667 1876 Spiritus
703 1788 827 1867 Sancti,
862 1790 1068 1856 Beatissimae
1091 1791 1239 1872 Virginis
1251 1793 1358 1857 Μ’]

189 1891 303 1958 Mariae
334 1894 493 1980 gloriosae,
519 1893 615 1958 Beati
637 1892 801 1957 Johannis
825 1892 996 1978 Baptistae,
1019 1914 1057 1959 ac
1091 1896 1238 1959 omnium
1251 1860 1365 1993 ᾗῗθὶῗ

189 1996 406 2073 Sanctarum
438 1995 576 2060 licencia
608 1994 757 2059 omnium
793 1999 827 2058 et
858 1994 1063 2081 singulorum
1098 2018 1239 2081 quorum
1253 1992 1382 2043 ¹⁸⁰¹¹0dl⁰

189 2097 328 2162 interest
359 2119 418 2162 seu
452 2096 610 2161 interesse
645 2096 793 2181 potuerit
815 2096 852 2159 in
875 2095 937 2161 hac
968 2102 1062 2181 parte
1084 2098 1240 2183 primitus
1253 2060 1370 2175 {iffi

189 2198 344 2264 obtenta:
383 2198 453 2284 Ego
487 2198 652 2263 Robertus
691 2197 732 2261 de
766 2197 941 2283 Bredgare,
979 2198 1119 2264 clericus
1154 2200 1240 2266 Can-

189 2300 365 2365 tuariensis
398 2300 556 2373 dioecesis,
591 2298 667 2364 volo
702 2305 736 2363 ct
770 2299 895 2375 ordino,
933 2300 1021 2385 quod
1044 2301 1243 2387 Capelianus

189 2402 347 2467 cantariae
381 2402 452 2465 sive
487 2401 616 2487 collegii
640 2400 681 2465 de
706 2400 881 2487 Bredgare,
904 2423 964 2487 per
985 2424 1038 2467 me
1062 2404 1244 2469 Robertum

190 2504 356 2591 Bredgaro
387 2509 422 2568 et
454 2503 536 2568 alios
559 2502 731 2580 fundatas,1
757 2508 792 2567 et
815 2504 856 2567 de
888 2504 984 2569 bonis
1006 2507 1129 2572 nostris
1160 2513 1243 2573 tcm-

191 2604 359 2689 poralibus
383 2604 478 2681 datae,
502 2604 641 2690 singulis
664 2604 781 2669 diebus
807 2604 1051 2691 imperpetuum
1073 2630 1133 2694 pro
1156 2610 1243 2674 salu·

192 2705 243 2770 bri
286 2711 378 2771 statu
425 2705 693 2770 reverendissimi
728 2706 764 2769 in
797 2704 932 2771 Christo
970 2709 1083 2793 patric,
1117 2709 1243 2776 domini

192 2808 266 2885 mei,
289 2807 424 2873 Domini
447 2806 606 2872 Willelmi
630 2805 822 2893 Courtenay
848 2807 1094 2896 Archiepiscopi
1119 2809 1245 2877 (lantu-

192 2909 330 2974 an'ensis
364 2909 567 2993 aliorumque
603 2928 824 2973 successorum
859 2931 993 2974 suorum
1031 2912 1244 2999 archiepisco·

192 3033 309 3098 porum
325 3009 625 3087 Oantuariensium
649 3031 778 3074 necnon
792 3011 1034 3078 venerabilium
1057 3020 1092 3079 at
1114 3015 1243 3102 religio-

193 3135 304 3178 sorum
338 3113 484 3176 virorum
508 3108 644 3176 Domini
667 3110 801 3176 Thomas
826 3111 1096 3200 Chillyngdcnne
1119 3116 1244 3183 Primis

195 3214 348 3280 Ecclesiae
384 3213 634 3280 Cantuariensis
667 3234 955 3300 successorumque
986 3239 1121 3282 suorum
1154 3218 1245 3286 Prio-

193 3339 266 3381 rum
288 3317 422 3392 ibidem,
444 3323 479 3380 at
501 3316 648 3401 ejusdcm
672 3315 734 3380 loci
760 3315 962 3394 Conventus,
985 3341 1024 3384 ac
1046 3323 1244 3388 venerabilis

193 3419 257 3484 viri
295 3419 448 3504 Magistri
480 3419 563 3483 Adae
586 3418 748 3483 Mottrum
781 3419 1038 3486 Archidiaconi²
1069 3423 1246 3490 (lantuari-

194 3521 281 3587 ensis
303 3543 342 3585 ac
373 3541 594 3586 successorum
623 3541 757 3584 suorum
781 3521 1088 3588 archidiaconorum
1112 3525 1246 3605 ibidem,

194 3645 233 3689 ac
265 3621 400 3687 Domini
435 3620 598 3686 «Iohannis
621 3619 715 3684 West
738 3622 873 3686 rectoris
908 3624 1052 3690 acclesiae
1083 3626 1124 3691 de
1160 3628 1246 3694 God-

195 3726 368 3798 mersham‚
385 3723 521 3788 Domini
537 3719 670 3787 Thomas
693 3722 830 3807 Jeakyn
853 3725 968 3790 vicarii
992 3728 1032 3793 de
1048 3727 1246 3810 Newenton,

196 3834 231 3894 ot
263 3826 422 3892 Willelmi
463 3823 656 3900 Makenadc,
690 3828 727 3888 et
764 3846 837 3889 meo
871 3826 952 3889 dum
987 3828 1170 3896 vixerimus
1207 3855 1246 3899 ac

195 3930 341 3997 omnium
376 3927 624 3992 benefactorum
648 3923 788 4010 Collegii
823 3927 985 4011 praedicti,
1009 3929 1067 3994 ubi
1091 3932 1245 4014 voluero;

196 4038 328 4098 etcum
365 4029 408 4093 ab
431 4025 515 4092 hac³
547 4026 618 4091 luce
651 4026 814 4092 subtracti
849 4028 1020 4108 fuerimus,
1044 4033 1080 4096 in
1112 4035 1247 4102 ecclesia

196 4135 236 4199 de
261 4131 446 4216 Bradegare
471 4127 721 4195 Cantuariensis
754 4128 914 4206 dioecesis,
936 4131 1000 4207 vel,
1023 4133 1050 4196 si
1084 4134 1147 4201 hoc
1178 4159 1247 4202 nou

196 4235 420 4323 permittatur,
455 4231 491 4295 in
523 4228 648 4315 capella
682 4229 763 4294 dicti
801 4230 940 4317 collegii,
975 4255 1034 4317 pro
1071 4237 1247 4303 animabus

195 4335 437 4425 praediotorum,
460 4339 495 4398 et·
526 4333 638 4397 anima
669 4331 835 4418 quondam
861 4333 1013 4420 Magistri
1037 4337 1174 4406 Robcrti
1206 4341 1246 4407 de

195 4439 358 4514 Stratton,
382 4442 417 4502 et
449 4456 531 4510 mea,
556 4431 622 4522 [ot]
647 4434 761 4519 patris,
784 4435 908 4512 matris,
945 4445 1130 4522 parentum,
1163 4443 1246 4508 ami·

196 4562 317 4616 corum,
350 4536 595 4603 benefactorum
631 4542 817 4600 nostrorum
851 4559 889 4602 ao
923 4538 1052 4626 collegii
1085 4543 1244 4626 praedicti,

231 4760 238 4792 ¹
249 4759 398 4824 summum,
410 4755 466 4806 MS.
778 4753 789 4785 ³
806 4769 845 4813 ac,
857 4755 916 4806 MS.

228 4838 239 4870 3
257 4835 463 4901 Arcbicpisropi,
475 4835 532 4884 MS.
