3350 5800
590 812 881 862 exurusrusasas.
1196 800 1260 868 227

197 995 275 1077 alia,
301 1003 466 1082 videlieet,
489 1008 667 1072 comitatus
692 1007 828 1072 Kaneire
852 1008 1051 1093 quingentos
1081 1013 1257 1096 sexaginta

195 1103 230 1163 et
254 1104 445 1186 quindecim
468 1107 618 1174 homines
633 1109 832 1198 sagittarios.
865 1111 1145 1195 supplicaverunt
1160 1115 1254 1178 nobis

197 1203 324 1270 eaedem
358 1212 625 1290 communitates,
648 1234 708 1298 pro
731 1212 819 1276 bona
855 1218 889 1277 et
921 1212 1087 1278 effectuali
1119 1218 1254 1301 expedi·

193 1304 289 1370 tione
324 1309 482 1394 ejusdem,
515 1315 604 1400 quod
638 1315 802 1400 separales
847 1315 1091 1379 commissiones
1130 1324 1252 1383 nostrae

193 1405 379 1474 mittantur
422 1413 457 1477 in
504 1414 685 1499 quemlibet
730 1415 925 1480 comitatum
964 1417 1114 1501 praedicti
1158 1421 1252 1506 regni

191 1511 311 1588 nostri,
335 1521 474 1600 exeepto
495 1517 657 1582 comitatu
681 1515 827 1594 Cestriae,
851 1517 983 1602 otiaque
1006 1519 1192 1584 commissio
1215 1521 1250 1584 in

191 1611 421 1700 episcopatum
453 1617 721 1696 Dunolmensem,
745 1619 871 1684 talibus
905 1625 941 1684 et
974 1621 1079 1685 tantis
1101 1624 1250 1706 personis

189 1716 375 1781 eorundem
397 1721 624 1800 comitatuum,
641 1744 678 1787 so
694 1722 818 1786 talibus
840 1728 876 1788 et
890 1724 996 1787 tantis
1010 1723 1086 1788 aliis
1101 1726 1250 1809 personis

189 1817 345 1899 praedicti
392 1822 608 1908 episcopatus,
643 1829 743 1909 prout
792 1823 888 1888 nobis
926 1824 1097 1890 videbitur
1142 1828 1249 1914 magis

187 1927 394 2002 oportunum
428 1931 462 1990 et
508 1927 686 2011 expediens
718 1933 752 1990 et
786 1947 846 2011 per
873 1948 940 2012 ‚nos
972 1928 1182 1992 nominandis
1213 1937 1248 1995 et

186 2021 409 2108 assignandis,
432 2027 475 2090 ad
499 2026 725 2104 dividendum,
749 2027 981 2108 ordinandum,
1016 2036 1246 2114 apponetuan-

185 2121 279 2199 dum,
302 2126 527 2208 limitandum,
551 2137 585 2196 et
608 2129 853 2216 assignandum,
876 2135 946 2193 tam
969 2151 1029 2215 per
1058 2131 1245 2216 inquisitio-

185 2245 264 2289 nem
290 2251 389 2313 quam
414 2233 702 2309 examinationem,
725 2237 864 2317 quotum
886 2253 1062 2296 numerum
1095 2241 1130 2298 et
1163 2243 1245 2320 quot

184 2324 339 2396 homines
378 2335 568 2422 sagittarios
617 2335 789 2420 quodlibet
841 2333 1063 2411 hundredum,
1109 2357 1242 2422 wapen-

184 2431 278 2507 taka,
302 2455 392 2520 rapa,
427 2437 555 2513 civitas,
589 2443 624 2502 et
646 2438 772 2525 burgus
794 2458 862 2501 non
886 2437 1034 2501 existens
1064 2440 1241 2505 comitatus

183 2531 218 2596 in
243 2535 362 2620 seips0,
385 2537 475 2617 villa,
499 2539 624 2615 villata,
648 2539 831 2626 villagium,
847 2538 1037 2618 hameletta,
1062 2560 1100 2603 ao
1130 2543 1242 2606 omnia

183 2633 252 2698 aria
277 2635 348 2701 loea
370 2637 458 2702 infra
482 2643 516 2704 et
549 2639 590 2704 de
624 2640 722 2704 dietis
754 2637 968 2704 eomitatibus
991 2644 1026 2703 et
1049 2641 1239 2726 episcopatu

183 2732 416 2818 Dunolmensi,
451 2761 578 2806 necnon
616 2740 711 2816 bona,
757 2740 887 2816 catalla,
926 2741 1135 2804 reventiones
1180 2764 1240 2828 per

182 2859 311 2904 annum
334 2847 512 2921 terrarum,
535 2847 811 2919 tenementorum,
835 2841 1039 2921 reddituum,
1055 2849 1090 2908 et
1112 2865 1238 2929 posses·

180 2940 314 3006 sionnm
329 2944 365 3008 in
389 2945 521 3022 eisdem,
545 2967 583 3011 ao
605 2945 816 3032 proprietarii
839 2949 874 3008 et
896 2964 1096 3028 possessores
1119 2968 1238 3011 eorun-

179 3042 257 3107 dem
280 3047 465 3130 portabunt
486 3053 522 3112 et
543 3047 779 3121 onerabuntur,
802 3045 846 3109 ad
868 3044 1109 3109 exhibitionem
1130 3044 1237 3112 homi·

179 3168 263 3211 num
304 3149 540 3236 sagitariorum
573 3153 894 3235 apponetuatorum,
926 3145 1158 3225 limitatorum,
1197 3172 1235 3215 ae

178 3250 434 3337 assignatorum,
458 3251 720 3317 exhibendorum
744 3272 804 3335 per
826 3248 1022 3315 comitatum
1056 3250 1235 3335 inquibus

178 3351 295 3415 eadem
330 3352 512 3431 hundreda,
545 3352 778 3438 wapentaohaa,
811 3372 909 3437 rapa,
941 3350 1104 3427 civitates,
1128 3353 1234 3440 burgi,

178 3452 278 3530 villae,
302 3454 437 3531 villatae,
460 3456 604 3543 villagia,
622 3454 821 3530 hamelettae,
846 3458 880 3517 et
895 3452 970 3516 aliae
990 3451 1120 3537 plaeeae,
1137 3452 1232 3532 bona,

176 3555 309 3631 catalla,
346 3560 454 3634 terrae,
493 3562 693 3633 tenementa,
731 3556 891 3629 redditus,
936 3560 971 3617 et
1014 3556 1232 3639 possessiones

177 3658 338 3723 existunt
384 3660 429 3724 Et
452 3659 540 3743 quod
563 3658 721 3744 quaelibet
737 3655 929 3742 hujusmodi
952 3655 1080 3733 civitas,
1095 3656 1230 3745 burgus,

177 3757 269 3834 villa,
304 3758 432 3839 villata,
471 3760 655 3847 villagium,
693 3759 886 3834 hameletta,
913 3762 948 3821 et
985 3756 1052 3821 alia
1086 3757 1166 3835 loca,
1192 3781 1231 3826 ae

177 3858 274 3935 bona,
297 3860 426 3938 catalla,
450 3866 557 3940 terras,
574 3866 771 3938 tenemento,
787 3859 948 3935 redditus
963 3863 998 3923 et
1012 3861 1229 3942 possessiones

178 3961 360 4027 existentes
382 3962 419 4027 in
435 3962 567 4040 eisdem,
589 3984 717 4029 necnon
740 3960 953 4047 proprietarii
976 3964 1011 4023 et
1031 3980 1228 4044 possessores
1280 3958 1284 3965 ’

178 4063 368 4142 eorundem,
390 4066 570 4150 separatim
593 4070 782 4142 onerentur,
805 4061 1005 4127 auctoritate
1028 4063 1227 4147 supradicta,

177 4165 220 4229 ad
250 4165 478 4230 inventionem
514 4170 548 4231 et
582 4164 822 4231 exhibitionem
857 4163 1020 4227 dictorum
1055 4162 1226 4255 hominum

175 4266 436 4354 sagittariorum,
466 4289 566 4354 super
598 4268 686 4353 ipsos
709 4288 768 4352 per
791 4266 897 4331 dietus
920 4262 1226 4331 Commnsionarros

174 4368 425 4435 assidendorum
453 4375 487 4434 et
517 4370 857 4456 apponetuandorum,
879 4366 982 4453 juxta
1005 4364 1225 4431 substantiam

175 4478 209 4537 et
240 4472 388 4537 valorem
418 4472 587 4551 bonorum,
618 4478 652 4538 et
682 4470 885 4547 eatadlorum,
916 4489 955 4534 ao
993 4468 1225 4535 reventionum

174 4594 234 4658 per
262 4594 388 4639 annum
431 4578 604 4653 terrarum,
645 4578 918 4648 tenementorum,
960 4569 1159 4645 reddituum,
1191 4575 1225 4635 et

173 4675 315 4740 aliarum
357 4677 609 4761 possessionum,
650 4676 867 4742 existentium
907 4673 943 4736 in
978 4670 1108 4734 eisdem.
1170 4669 1225 4734 Ita

1029 4800 1092 4860 1³2
