3350 5800
564 895 854 949 muruanmusrs
1193 888 1236 953 69

174 1084 274 1149 noriae
307 1086 499 1153 ministrari
532 1092 725 1154 consuetum
758 1092 817 1165 est,
841 1088 931 1153 infra
962 1087 1074 1154 decem
1108 1088 1180 1154 dics
1211 1109 1233 1153 a

173 1190 319 1272 tempore
359 1190 635 1274 praesentecicnis
660 1191 760 1277 hujus
792 1192 1084 1270 connumerandos,
1117 1191 1231 1256 minis-

173 1288 330 1367 trsbunt;
355 1292 504 1377 ipsisque
527 1293 744 1377 praesentstis,
771 1294 868 1379 lapsu
891 1294 1049 1379 temporis
1072 1294 1232 1378 praedicti‚

173 1388 224 1453 vel
257 1390 341 1475 quia
376 1393 414 1455 in
447 1394 603 1459 vicesimo
634 1415 721 1459 anno
744 1394 855 1459 oetatis
879 1415 992 1459 eorum
1016 1394 1060 1459 ad
1082 1394 1232 1459 ordinem

172 1490 434 1559 subdiaconatus
468 1494 637 1559 noluerint
667 1496 863 1581 promoveri,
901 1516 959 1559 seu
996 1494 1086 1572 alies,
1119 1516 1232 1559 eorum

173 1588 342 1657 demeritis
377 1594 602 1680 exigentibus,
623 1617 682 1681 per
706 1594 855 1661 Priorem
878 1604 913 1660 et
928 1596 1124 1682 Capitulum
1146 1618 1232 1681 prae·

173 1690 277 1757 dictos
313 1694 360 1759 ab
383 1696 623 1761 Elemosinaria
646 1702 680 1762 et
702 1696 871 1763 alimentis
901 1698 1071 1782 predictis
1102 1698 1231 1774 ametis,

173 1813 229 1857 seu
245 1816 365 1860 eorum
389 1798 474 1863 alter
496 1799 543 1863 sic
564 1804 686 1877 arunte,
708 1798 840 1886 proefati
863 1798 959 1864 Prior
980 1803 1015 1865 et
1038 1798 1231 1884 Capitulum

173 1900 206 1959 et
228 1898 281 1961 sui
306 1920 510 1965 successores
533 1900 615 1965 duos
639 1900 722 1965 alios
745 1899 888 1976 clericos,
903 1901 939 1964 in
962 1900 1098 1980 lectura,
1121 1906 1230 1976 cantu,

174 2000 207 2059 et
238 1996 418 2066 honestate
450 2001 613 2087 prioribus
651 2001 776 2067 clericis
814 2002 1018 2087 temporibus
1053 2015 1230 2087 prasenta-

172 2096 275 2164 cionis
312 2123 428 2167 eorum
463 2103 656 2180 consimiles,
689 2125 748 2188 per
785 2102 1001 2187 Capellanum
1025 2108 1060 2167 et
1082 2102 1231 2169 Scolares

173 2198 255 2265 dicti
292 2201 435 2289 collegii
466 2225 643 2289 eorumque
675 2225 874 2271 successores
904 2203 1161 2290 praesentandos,
1194 2207 1230 2269 in

173 2302 278 2366 socios
316 2304 416 2370 dictae
451 2305 696 2371 Elemosinarise
728 2310 764 2369 et
797 2304 840 2369 ad
871 2304 1031 2371 alimenta
1061 2307 1229 2391 praedictis

174 2404 362 2471 consimilia
385 2406 575 2483 admittent,
597 2411 632 2471 et
653 2406 701 2471 eis
724 2406 891 2483 alimenta,
909 2407 1012 2491 juxta
1033 2408 1169 2473 modum
1196 2414 1231 2473 et

175 2503 318 2570 formam
352 2507 557 2592 praedictam,
589 2506 678 2572 infra
710 2514 842 2593 tempus
866 2508 1092 2595 supradictum
1115 2510 1231 2575 minis-

175 2606 326 2673 trabunt.
375 2608 420 2672 Et
451 2610 497 2675 sic
529 2609 683 2694 deinceps
706 2630 765 2695 per
787 2613 899 2695 partes
922 2610 1099 2695 praedictas
1121 2612 1231 2677 obser·

176 2708 324 2788 vsbitur,
348 2710 508 2795 quamdiu
544 2710 786 2797 beneplacitum
818 2711 920 2776 fuerit
944 2711 1052 2777 Priori
1074 2718 1109 2777 et
1131 2712 1231 2799 Capi·

176 2810 249 2876 tulo
285 2833 464 2899 eorumque
496 2813 738 2879 successoribus
771 2814 968 2879 memoratis.
1031 2812 1117 2879 Cum
1151 2837 1230 2881 vero

176 2915 279 2981 iidem
303 2916 397 2980 Prior
420 2920 455 2980 et
478 2914 671 3002 Capitulum
694 2935 872 3000 eorumque
895 2937 1093 2982 successores
1115 2917 1230 3003 hujus·

176 3019 268 3082 modi
303 3023 533 3105 prsesentatos,
566 3019 690 3102 absque
725 3017 921 3084 racionabili
956 3025 992 3083 et
1025 3021 1231 3104 ponderante

176 3141 285 3198 causa,
317 3119 406 3185 infra
436 3127 566 3206 tempus
599 3119 793 3206 praedictum
825 3141 894 3184 non
926 3119 1129 3198 admiserint,
1152 3127 1233 3188 tunc

177 3223 332 3307 praedicti
356 3222 449 3288 Prior
471 3228 506 3286 et
529 3221 723 3307 Capitulum
747 3242 926 3306 corumque
948 3242 1147 3288 successores
1168 3224 1232 3288 sol·

179 3331 273 3402 vent,
288 3325 325 3387 in
340 3321 486 3408 Collegic
508 3323 675 3408 praedicto,
691 3323 833 3409 praefato
845 3323 1026 3408 Capellanc
1041 3328 1077 3388 ct
1092 3323 1231 3390 Scolari·

180 3427 250 3504 bus,
287 3446 466 3510 eorumque
498 3423 737 3490 successoribus
772 3423 953 3509 Capeliano
986 3429 1021 3488 et
1044 3423 1233 3494 Scolaribus

182 3527 322 3613 Collegii
369 3525 528 3612 praedicti,
567 3530 701 3591 centum
740 3525 843 3588 libras
888 3524 1129 3610 sterlingorum.
1191 3527 1233 3592 In

181 3628 303 3714 quibus
326 3627 460 3713 quidem
492 3632 625 3691 centum
660 3625 765 3704 libris,
788 3625 957 3711 praedictis
988 3625 1169 3713 Capellanc
1198 3635 1234 3694 et

180 3729 368 3796 Scolaribus
414 3727 546 3814 suisque
595 3727 834 3794 successoribus
880 3726 916 3792 in
961 3727 1051 3794 dicto
1088 3727 1234 3818 Collegic

180 3833 267 3898 siout
281 3830 500 3916 praemittitur
515 3828 690 3906 solvendis,
706 3829 857 3915 pnedicti
873 3827 967 3894 Prior
988 3834 1024 3894 et
1039 3829 1232 3917 Capitulum

181 3933 329 4000 latentur
362 3953 406 4008 se,
438 3953 497 4016 per
529 3935 716 4017 praesentes‚
755 3928 919 4015 obligatos
957 3951 1026 3996 esse
1056 3937 1090 3996 et
1126 3935 1232 4000 teneri

182 4035 360 4122 Capellano
393 4038 427 4098 et
458 4032 637 4098 scolaribus
668 4033 801 4117 suisque
839 4033 1077 4099 successoribus
1111 4057 1234 4104 memo-

182 4139 269 4202 ratis.
321 4135 364 4200 Et
397 4136 540 4220 insuper,
563 4133 714 4219 praedicti
737 4132 831 4197 Prior
865 4137 900 4197 et
922 4132 1116 4218 Capitulum
1150 4138 1234 4203 obli-

181 4245 261 4325 gant
292 4258 336 4314 se,
361 4241 395 4300 et
426 4256 608 4301 succesores
630 4255 716 4311 suos,
738 4254 777 4299 sc
807 4233 896 4299 bona
928 4257 989 4299 sua
1011 4236 1055 4300 ad
1086 4259 1232 4305 mensam

183 4363 273 4406 suam
324 4345 360 4404 et
398 4337 576 4404 Ecclesiam
624 4336 899 4403 Cantuaricnsem
946 4341 1140 4424 spectaucia,
1189 4341 1233 4407 ad

184 4441 379 4508 solvendum
418 4445 452 4504 et
483 4437 627 4504 fideliter
664 4437 871 4502 liberandum
905 4439 1062 4524 praelatas
1099 4447 1233 4508 centum

181 4542 282 4608 libras
304 4541 341 4605 in
377 4540 465 4606 dicto
489 4537 637 4624 Collegio
672 4539 752 4624 ipsis
777 4537 955 4624 Capellano
989 4544 1025 4603 et
1047 4539 1235 4608 Sceleribus

183 4645 315 4730 suisque
347 4640 588 4707 successoribus
621 4639 827 4725 supradictis,
858 4640 893 4703 in
927 4661 1007 4705 casu
1039 4661 1104 4724 quc
1134 4642 1235 4706 iidem

185 4745 279 4812 Prior
309 4750 345 4810 ct
380 4742 575 4829 Capitulum
600 4761 777 4825 eorumque
812 4761 1013 4808 successores
1046 4741 1082 4806 in
1115 4739 1237 4809 admis-
