3350 5800
441 829 506 896 366
886 847 1074 899 sensnum.

260 1038 422 1142 ffi'yffifflih·
435 1048 572 1104 duximus
601 1051 637 1106 R.
669 1048 700 1103 in
729 1047 875 1104 Abbatem
905 1048 991 1103 Beati
1027 1047 1173 1114 Audocni,
1206 1048 1250 1104 W.
1281 1046 1314 1102 iu
1342 1047 1492 1106 Asnaum

260 1139 403 1233 fflffigsc
434 1133 682 1197 Genetecensem,
713 1131 799 1188 electi
826 1149 881 1187 nec
906 1130 1065 1195 benedicti,
1085 1130 1245 1202 apostolico
1269 1147 1301 1187 se
1319 1132 1490 1202 conspectui

259 1203 400 1283 φὴρωῃςὲ..
433 1217 465 1270 in
483 1216 624 1272 abbatum
650 1209 755 1272 ordine
781 1221 1006 1288 praesentarunt
1046 1215 1178 1284 Quorum
1196 1214 1382 1280 electionem,
1401 1216 1490 1273 immo

259 1289 394 1384 pffiffil‘d
433 1299 634 1371 dejectionem,
666 1299 737 1354 dum
767 1299 946 1370 Apostolicis
984 1300 1107 1354 auribus
1143 1299 1323 1365 intimarum,
1363 1298 1490 1355 discreto

258 1391 408 1484 ffinpmontnik
433 1399 513 1437 more
543 1401 607 1447 suo,
639 1381 676 1435 ab
707 1381 749 1438 sis
779 1382 952 1451 diligentius
983 1381 1147 1454 inquisivit,
1178 1382 1205 1436 si
1234 1383 1310 1438 torte
1339 1380 1490 1453 aliquibus

258 1453 596 1542 exem{J'ffifffng--privilegiis
626 1464 782 1520 autenticis
811 1466 1011 1532 munirentur,
1036 1483 1162 1537 qnorum
1192 1465 1355 1537 patrocinio
1386 1482 1489 1520 eorum

258 1541 412 1634 imflffiffi‘fi
433 1566 564 1620 persone
582 1549 629 1604 vel
647 1548 778 1605 ecclesis
796 1567 814 1603 a
831 1549 1051 1620 metropolitani
1068 1549 1249 1622 subjectione
1266 1550 1489 1620 comprobaren-

271 1603 402 1684 iorirdrsnc
432 1638 483 1686 tur
509 1633 663 1689 immunes.
701 1635 780 1690 Dum
797 1634 861 1689 hee
879 1633 1039 1704 apostolica
1056 1633 1223 1688 sollicitudo
1242 1634 1380 1704 diligenti
1404 1650 1486 1688 scru-

258 1691 414 1789 fflfflm
430 1721 545 1772 taretur
588 1715 737 1781 instantia,
784 1715 981 1772 venerabilem
1025 1717 1123 1772 virum
1168 1715 1205 1771 G.
1242 1716 1486 1771 catalaunensem

257 1792 414 1884 ⁰”⁰⁰s‘'5¹¹0¹¹
433 1799 618 1871 Episcopum,
650 1799 798 1871 quondam
838 1799 986 1855 Abbatem
1026 1798 1111 1854 Beati
1140 1797 1285 1863 Medardi,
1318 1817 1352 1853 ex
1383 1799 1484 1855 divino

256 1853 306 1934 diu
316 1846 404 1936 niues
432 1901 552 1940 munere
583 1883 707 1954 contigit
737 1883 873 1948 adnisam
899 1884 951 1954 qui
982 1883 1054 1938 dnm
1083 1883 1168 1938 Beati
1198 1883 1333 1938 Audoeni
1364 1883 1484 1939 Electus

254 1943 381 2040 binim
431 1965 508 2022 circa
535 1968 725 2039 qumstionem
766 1965 954 2036 apostolicam
984 1967 1145 2033 haesitarat,
1172 1972 1279 2022 nosne
1309 1965 1486 2022 dubitationi

431 2049 519 2104 finem
549 2049 699 2121 imposuit,
731 2053 761 2103 et
791 2048 872 2104 illius
901 2048 1139 2120 praesumptionis
1176 2055 1323 2104 tumorem
1352 2051 1483 2122 antiquas

429 2134 639 2190 recordationis
676 2136 759 2188 freno
793 2135 983 2204 compescuit.
1019 2134 1075 2189 Ait
1109 2133 1198 2197 enim,
1228 2133 1307 2204 quod
1342 2133 1414 2189 dum
1452 2135 1482 2190 iu

428 2218 557 2274 Ecclesia
582 2219 666 2274 Beati
691 2216 826 2272 Medardi
854 2217 978 2274 Abbatis
1004 2219 1098 2274 officio
1118 2219 1303 2288 iungeretur,
1323 2218 1480 2289 quendam,

427 2302 613 2358 Gueruonem
631 2302 760 2368 nomina,
779 2316 815 2356 ex
840 2302 991 2357 monachis
1010 2301 1082 2367 suis,
1100 2301 1133 2356 in
1157 2301 1265 2358 ultimo
1289 2302 1478 2358 confessionis

424 2387 558 2452 articulo,
579 2405 610 2442 sc
635 2385 786 2442 falsarium
812 2383 903 2439 fuisse
928 2387 1111 2452 confessum
1130 2389 1161 2440 et
1187 2383 1265 2440 inter
1292 2391 1389 2440 cetera
1413 2404 1479 2458 quae

425 2487 477 2539 per
507 2461 635 2526 diversas
665 2471 819 2528 ecclesias¹
851 2468 1051 2542 figmentando
1075 2467 1297 2538 conscripserat,
1319 2468 1480 2524 Ecclesiam

424 2553 508 2608 Beati
537 2553 671 2609 Audoeui
699 2559 729 2610 et
757 2555 918 2610 Ecclesiam
954 2550 1039 2607 Beati
1068 2549 1231 2620 Augustini
1259 2550 1296 2605 de
1323 2551 1479 2607 (lantnaria

423 2637 596 2693 adulterinis
614 2637 789 2708 privilegiis,
808 2637 863 2694 snb
881 2637 1040 2707 apostolico
1057 2637 1185 2700 nomine,
1204 2651 1235 2689 se
1252 2635 1423 2701 munivisse,
1436 2636 1478 2690 la·

423 2721 615 2776 crimabiliter
633 2722 811 2792 poeniteudo,
831 2721 972 2786 assernit;
993 2719 1065 2790 quin
1083 2723 1114 2774 et
1132 2718 1169 2773 ob
1186 2718 1352 2773 mercedem
1370 2719 1477 2791 iniqui·

423 2804 503 2870 tatis,
523 2804 656 2876 quedam
674 2821 706 2859 se
731 2805 866 2876 preciosa
892 2808 1066 2859 ornamenta
1090 2801 1234 2871 recepisse
1251 2801 1403 2856 coufessus
1421 2809 1476 2867 est,

423 2893 453 2943 et
471 2885 508 2943 ad
526 2887 610 2943 Beati
628 2887 762 2943 Medardi
780 2887 933 2943 ecclesiam
959 2885 1108 2942 detulisse.
1146 2883 1210 2953 Quo
1239 2883 1350 2950 audito,
1370 2885 1477 2941 Beatus

423 2972 611 3026 Innocentius
629 2971 802 3043 pradictum
829 2978 875 3027 est
892 2970 1057 3027 sciscitatus
1084 2967 1310 3040 episcopum,si
1337 2969 1418 3039 quod
1440 2970 1476 3025 de

422 3055 509 3123 plano
527 3054 718 3109 interlocutus
736 3054 833 3109 iuerat
847 3051 1044 3125 jurisjurandi
1061 3052 1206 3123 religione
1223 3051 1377 3107 firmarat?
1395 3053 1471 3123 quod

421 3155 452 3193 se
470 3137 616 3193 iacturum
634 3136 681 3191 vir
700 3138 766 3203 Dei,
784 3136 939 3208 religionis
958 3141 989 3191 et
1006 3135 1142 3190 veritatis
1169 3140 1291 3198 amator,
1312 3136 1471 3207 proposuit

420 3218 482 3288 Quo
500 3220 600 3275 andito
628 3220 771 3275 Dominus
800 3222 886 3291 Papa,
905 3219 1035 3274 “nial’‘
1055 3218 1161 3289 inquit,
1183 3218 1253 3273 “mi
1271 3219 1363 3273 irater
1380 3219 1473 3274 kalis·

422 3306 441 3330 “
461 3302 542 3369 sime,
567 3302 655 3356 indua
684 3309 714 3357 te
741 3303 922 3359 ornamentis
949 3302 1105 3372 diguitatis
1130 3306 1202 3365 tum,
1220 3308 1251 3356 et
1276 3303 1472 3372 presentibus

422 3390 441 3413 ‘⁶
462 3384 581 3450 Electis,
622 3386 677 3439 snb
707 3385 886 3457 professione
925 3386 1076 3448 canonica,
1106 3401 1228 3439 manum
1264 3383 1473 3441 benedictionis

422 3470 441 3494 ‘¹
461 3466 604 3537 impone.''
654 3464 737 3535 Quod
766 3484 829 3537 ego,
862 3466 1020 3537 impetrata
1048 3464 1178 3529 licentia,
1210 3482 1367 3535 aggressus
1397 3483 1470 3522 snm

420 3552 497 3622 Ipse,
511 3549 588 3621 quod
600 3550 736 3606 mirabile
748 3550 830 3605 dictu
848 3556 903 3616 est,
916 3549 1127 3605 venerabilium
1145 3554 1264 3620 patrum
1277 3548 1471 3616 conventum,

419 3632 483 3703 ejus
501 3632 659 3689 adveutum
684 3632 927 3701 exspectantium,
954 3631 1072 3703 ingredi
1090 3630 1264 3703 supersedit,
1296 3632 1394 3702 quoad
1417 3648 1471 3704 ego

420 3734 519 3773 secum
537 3719 712 3781 intraturus,
732 3716 896 3772 benedictis
909 3716 966 3771 rite
973 3714 1149 3787 ¹Abbatibus,
1169 3716 1348 3771 advenirem.
1387 3718 1468 3783 Huc,

419 3806 502 3872 pater
531 3800 724 3864 sanctissime,
743 3800 826 3855 vobis
845 3800 982 3855 duximus
1011 3798 1167 3863 exaranda,
1197 3805 1351 3854 exorantes
1380 3807 1425 3865 ut,
1444 3802 1470 3855 si

418 3882 573 3956 praedictas
586 3882 722 3939 ecclesias
735 3889 839 3939 contra
850 3883 1049 3939 institutiones
1059 3888 1195 3953 paternas
1204 3882 1318 3953 aliquid
1330 3900 1469 3955 rismparc

417 3967 508 4021 fuerit
543 3966 774 4037 comprobatum,
800 3983 864 4031 vos,
904 3984 984 4021 more
1019 3966 1107 4020 solito
1136 3972 1167 4019 et
1192 3964 1301 4032 debito,
1338 3968 1467 4023 ecclesiis

417 4050 543 4119 siugulis
561 4066 643 4103 suam
661 4050 840 4106 conservetis
859 4049 891 4104 iu
908 4048 1045 4105 omnibus
1064 4046 1255 4120 aequitatem.²

453 4132 500 4199 (In
513 4132 611 4197 dorsu)

488 4216 597 4271 Oontra
614 4214 688 4269 falsa
705 4213 864 4287 privilegia
882 4214 983 4271 Sancti
1001 4214 1173 4285 Augustini.

452 4325 584 4395 Qualiter
601 4324 835 4395 Augustinenses
853 4330 997 4381 venerunt
1014 4324 1053 4379 ad
1070 4324 1144 4380 salsa
1161 4324 1318 4396 privilegia
1335 4342 1397 4380 sua.

441 4438 1470 4451 *m*

450 4504 458 4537 ¹
474 4518 524 4567 pro
534 4498 778 4551 diversisecciesiis?
970 4501 1003 4565 by
1019 4500 1090 4550 (lites
1110 4502 1143 4551 de
1160 4501 1301 4561 laPercbe,
1320 4500 1418 4566 Bisbop
1436 4502 1466 4552 of

449 4579 533 4629 ΞΤὶιε
563 4578 647 4628 actual
676 4578 824 4641 parchment
853 4576 915 4627 bere
967 4578 1079 4627 Evreux.
1122 4577 1185 4627 Tbis
1206 4580 1258 4627 and
1280 4580 1324 4629 tbc
1343 4588 1406 4629 next
1424 4596 1462 4631 ra·

414 4659 506 4723 copied
526 4657 584 4707 isa
607 4656 799 4720 recapitulation
822 4655 852 4705 of
871 4656 915 4706 the
966 4657 1029 4705 cord
1044 4670 1107 4705 once
1125 4658 1185 4705 bore
1203 4656 1244 4705 his
1263 4658 1383 4717 scal,bnt
1403 4659 1462 4709 itis

416 4735 600 4800 Archbishop’s
618 4736 764 4801 testimony,
775 4736 862 4785 drawn
880 4749 914 4799 up
965 4734 1089 4784 uowlost.

1639 1042 1650 1085 i<
