3350 5800
419 886 461 945 18
879 896 1011 947 annua:

419 1098 578 1177 perpetuo
600 1091 865 1156 nominabuntur
887 1100 923 1155 et
945 1090 1175 1177 praeficiantur.
1220 1090 1317 1155 Etsi
1340 1089 1469 1155 contin·

419 1200 478 1281 gat
501 1193 597 1277 quod,
621 1198 760 1257 vacante
784 1192 963 1279 capellania
996 1192 1167 1278 proedieta,
1189 1196 1368 1275 utrumque
1394 1190 1470 1256 Sco·

421 1295 522 1360 larem
561 1295 721 1359 minorem
760 1294 949 1380 quindecim
987 1315 1151 1359 annorum
1182 1293 1252 1360 fore
1282 1294 1471 1379 eontigerit,

421 1402 492 1461 tum
526 1395 798 1482 archiepiscopus
832 1395 1083 1461 cantuariensis
1130 1394 1188 1481 qui
1227 1416 1285 1480 pro
1323 1400 1471 1479 tempore

419 1499 531 1577 fuerit,
552 1520 591 1565 ea
613 1498 686 1565 viee
708 1500 886 1564 dumtaxat
908 1504 944 1563 et
965 1520 1031 1563 non
1054 1498 1160 1574 aliter,
1176 1497 1258 1563 alias
1281 1497 1472 1582 seuquovia

418 1602 484 1668 alio
507 1602 604 1667 modo
626 1600 814 1667 nominabit
835 1605 869 1665 et
892 1600 1051 1686 praeficiet
1074 1600 1272 1686 Magistrum
1295 1604 1331 1663 et
1353 1598 1470 1684 Capel-

416 1703 530 1767 lanum
554 1702 758 1789 praedictum.
807 1701 843 1767 Si
869 1724 946 1765 vero
980 1722 1085 1767 unum
1118 1701 1302 1766 Scolariurn
1326 1699 1470 1786 ipsorum

419 1804 607 1891 quindecim
630 1824 792 1869 annorum
816 1809 852 1868 et
873 1803 977 1868 alium
1001 1801 1159 1886 majorem
1193 1801 1261 1866 fore
1295 1802 1473 1887 contigerit

419 1913 566 1991 tempore
600 1906 782 1971 vacationis
815 1904 1016 1991 hujusmodi,
1049 1910 1131 1969 tunc
1163 1903 1305 1968 Scolan's
1339 1902 1474 1984 maioris

419 2008 528 2072 aetatis
551 2006 673 2072 ibidem
706 2005 892 2072 nominabit
914 2014 948 2073 et
980 2004 1206 2092 praeamabit,
1228 2010 1268 2070 ut
1297 2005 1471 2089 praemitti·

420 2116 485 2184 tur,
501 2129 672 2193 personam
698 2108 733 2171 in
759 2108 956 2193 Magistrum
973 2113 1008 2173 et
1023 2106 1242 2192 capellanum
1266 2105 1473 2191 pradictum.

422 2210 593 2295 Eruntque
626 2210 707 2295 ipsis
740 2208 921 2295 Capeliano
955 2215 992 2274 et
1024 2207 1214 2274 scolaribus
1246 2208 1336 2272 bona
1369 2208 1475 2292 ipsius

420 2312 576 2377 cantarioe
609 2312 680 2377 sive
715 2312 844 2397 collegii
876 2310 1074 2387 communia,
1097 2309 1300 2395 habebitque
1333 2314 1474 2393 uterque

420 2413 562 2479 Scolaris
585 2414 761 2499 praedictus
784 2412 924 2499 singulis
947 2413 1043 2477 annis
1065 2432 1126 2497 pro
1148 2412 1391 2477 sustentatione
1413 2432 1474 2475 sua

421 2514 642 2601 quadraginta
665 2514 785 2579 solidos
808 2514 1053 2601 sterlingorum,
1077 2514 1233 2578 videlicet
1267 2514 1303 2577 in
1326 2514 1393 2578 fine
1415 2535 1475 2579 cu-

415 2618 556 2701 juslibet
587 2618 749 2703 quartarii
783 2618 864 2683 anni
898 2618 1009 2683 decem
1042 2617 1174 2695 solidos,
1197 2617 1239 2681 do
1270 2616 1368 2682 bonis
1390 2639 1474 2703 pne·

420 2718 529 2785 dictis.
576 2720 621 2784 Et
657 2720 744 2805 quod
782 2720 951 2785 residuum
989 2720 1090 2784 fuerit
1124 2721 1164 2784 de
1199 2720 1294 2784 bonis
1328 2720 1474 2805 ejusdem

421 2822 586 2899 cantariae,
610 2842 667 2908 pro
690 2822 898 2908 reparatione
930 2820 1078 2908 ejusdem
1111 2822 1296 2902 domorum,
1318 2829 1353 2887 et
1375 2822 1475 2887 aliter

423 2925 458 2988 in
492 2923 674 2989 utilitatem
709 2924 807 2990 dictae
842 2925 999 2990 canmrioe
1032 2930 1253 2990 convertetur.
1301 2925 1477 3011 Eruntque

423 3027 479 3090 isti
504 3025 703 3111 Capelianus
725 3035 760 3090 et
784 3026 932 3092 Scolares
955 3025 1062 3091 solum
1085 3032 1121 3090 et
1144 3027 1323 3091 insolidum
1347 3027 1475 3092 subditi

423 3135 457 3194 et
481 3127 619 3213 subjecti
643 3127 705 3194 loci
729 3128 926 3206 dioecesano,
941 3135 976 3192 et
998 3149 1065 3192 non
1081 3127 1238 3193 inferiori.
1287 3129 1332 3192 Et
1347 3130 1390 3194 ob
1406 3130 1478 3201 hoe,

422 3229 561 3316 singulis
584 3229 680 3294 annis
713 3230 747 3292 in
783 3229 867 3293 festo
903 3228 1016 3293 Sancti
1063 3229 1240 3306 Michaelis,
1276 3228 1477 3315 (lapellanus

422 3331 600 3417 praedictus
645 3329 752 3394 solvet
783 3330 1024 3395 Archidiacono
1056 3329 1289 3396 cantuariensi
1322 3332 1381 3416 qui
1415 3353 1477 3418 pro

423 3440 570 3520 tempore
594 3431 696 3496 fuerit
718 3430 891 3496 duodecim
915 3431 1067 3496 denarios
1090 3431 1333 3518 sterlingorum,
1359 3440 1395 3497 et
1417 3456 1477 3519 pm

424 3560 461 3602 co
485 3535 680 3622 specialiter,
705 3539 743 3598 ut
766 3534 994 3620 praemittitur,
1026 3534 1144 3599 orabit.
1192 3534 1379 3622 Dicentque
1414 3538 1478 3622 ipsi

424 3640 573 3704 Scolares
595 3635 735 3723 singulis
760 3635 878 3702 diebus
909 3636 1074 3721 psalmum
1105 3635 1145 3701 de
1175 3637 1379 3722 profundis,
1402 3661 1476 3704 cunr

426 3741 575 3806 oratione
599 3739 782 3814 Dominica,
813 3759 852 3804 ac
875 3737 1087 3802 Salutatione
1108 3739 1270 3826 Angeliea
1303 3760 1341 3805 ac
1373 3763 1479 3826 usque

424 3841 575 3927 requiem
609 3847 781 3916 mmmmm,
805 3847 839 3904 et
870 3846 995 3905 ceteras
1030 3841 1204 3917 orationes,
1229 3841 1363 3920 scilicet,
1387 3841 1479 3907 Dens

425 3945 487 4032 qni
512 3943 604 4009 inte-r
626 3942 832 4030 apostolicos,
848 3943 1009 4008 Miserere
1031 3965 1132 4030 quem
1145 3943 1292 4011 Domine
1314 3946 1479 4011 manium

425 4045 681 4132 beraefuotorurm,
709 4052 780 4122 ete,
815 4043 968 4123 inclino,
999 4067 1037 4111 ac
1069 4047 1170 4111 semel
1204 4049 1240 4110 in
1270 4047 1480 4114 hebdomada

425 4145 566 4215 Placebo
582 4153 617 4212 et
640 4145 760 4232 Diripe
783 4147 964 4213 seeundum
988 4168 1086 4212 usum
1102 4147 1256 4214 Ecclesiae
1272 4149 1401 4226 Sarum,
1418 4170 1480 4235 pro

425 4249 600 4315 animabus
615 4248 801 4334 praedictis3
826 4249 1032 4334 singulisque
1055 4249 1151 4314 iestis
1174 4249 1413 4336 principalibus
1445 4258 1482 4316 et

429 4351 639 4438 dupplieibua
654 4357 689 4416 et
704 4351 888 4415 Dominicis
904 4351 1031 4428 diebus,
1047 4375 1150 4438 quum
1166 4355 1279 4418 studio
1293 4352 1480 4419 litterarum

427 4457 463 4520 in
486 4454 713 4519 Universitate
738 4452 877 4518 Oxoniae
909 4475 968 4519 seu
991 4454 1214 4542 l'antabrigiae
1248 4479 1335 4522 unus
1365 4479 1479 4522 eorum

428 4580 496 4623 non
519 4558 696 4633 vacaverit,
719 4555 957 4642 superpelliciis
979 4559 1047 4623 suis
1070 4559 1190 4638 induti,
1214 4559 1250 4622 in
1273 4560 1408 4624 ecclesia
1438 4562 1480 4626 de

428 4662 594 4748 Bradegar
631 4658 797 4745 praedicta,
835 4679 997 4743 vesperas,
1035 4661 1225 4735 matutinas,
1263 4666 1298 4725 et
1347 4662 1479 4727 arissam

428 4771 561 4832 cantare
589 4759 767 4847 juvabunt,
791 4758 818 4822 si
851 4758 1003 4835 vicarius,
1031 4766 1071 4825 ut
1102 4759 1330 4845 praemittitur,
1365 4761 1482 4830 divina
