3350 5800
395 906 437 966 58
855 922 988 970 musam

392 1097 585 1179 indentatae,
607 1104 652 1169 ad
683 1106 938 1173 custodiendum
969 1108 1006 1173 in
1028 1107 1101 1175 loeo
1122 1129 1236 1175 securo
1258 1109 1318 1175 ubi
1347 1110 1450 1177 miehi

393 1202 541 1271 Johanni
573 1205 642 1273 filio
665 1206 823 1275 Willelmi
847 1210 1018 1297 placuerit,
1041 1216 1111 1277 tam
1146 1212 1255 1279 dietus
1278 1212 1449 1280 «lohannes

392 1306 628 1375 Barchamsled
663 1331 762 1396 quam
797 1312 868 1399 Ego
901 1313 1012 1380 dietus
1043 1313 1214 1380 Johennes
1248 1314 1339 1380 filius
1362 1316 1448 1381 Wil-

391 1407 482 1473 lelmi
504 1410 614 1497 sigilla
635 1417 750 1479 nostra
781 1416 1005 1501 apposuimus.
1052 1408 1130 1481 Hiis
1153 1418 1296 1482 testibus
1318 1417 1446 1484 Thomu

391 1509 603 1597 Coggeshale,
637 1514 782 1581 Roberto
806 1516 970 1604 Ryledon,
1001 1517 1093 1585 Luoa
1124 1518 1251 1597 Morell,
1275 1518 1444 1586 Willelmo

390 1612 489 1692 Paoh,
510 1614 665 1682 Johanne
696 1616 799 1703 Dyar,
822 1618 977 1685 «Iohanne
999 1620 1118 1699 Noble,
1142 1620 1300 1687 Johanne
1322 1621 1445 1709 (lump

389 1720 457 1795 ton,
481 1717 629 1783 Waltero
664 1719 784 1797 Baoon,
817 1720 945 1787 Thomu
979 1721 1121 1801 Ourteis,
1147 1728 1182 1788 et
1215 1723 1332 1789 multis
1361 1724 1444 1791 aliis

388 1818 479 1885 Data
514 1820 604 1906 apud
637 1821 800 1909 Bookyng
830 1824 998 1909 praedicta,
1030 1825 1157 1891 decimo
1187 1825 1242 1892 die
1273 1826 1443 1892 Kalendas

387 1920 521 2005 Aprilis,
544 1921 581 1984 in
604 1920 690 1987 festo
714 1922 999 1991 Annunoiaoionis
1022 1926 1136 1992 Beata
1152 1927 1268 1993 Merite
1283 1927 1442 2014 Virginis,

386 2042 474 2088 anno
509 2023 603 2109 regni
635 2023 735 2110 Regis
768 2024 903 2093 Ricardi
936 2026 1081 2095 Secundi
1116 2034 1192 2117 post
1224 2036 1441 2117 conquestum

386 2124 563 2191 vicesimo.1

250 2425 340 2477 inea.
475 2422 798 2493 967.-Oan1usc1o
821 2423 1012 2491 Onussam
1034 2442 1074 2493 nr
1097 2426 1290 2493 Hosmrmr
1312 2443 1361 2493 nn

215 2582 244 2635 Β.
257 2494 340 2635 ἓξὲξ.
663 2526 869 2593 Esrssruon
893 2544 932 2593 m
954 2526 1173 2595 orannim.

209 2700 304 2779 unem-
430 2705 595 2773 Omnibus
634 2704 766 2771 Sensim
805 2704 925 2770 Matris
963 2705 1119 2771 Eoolesiae
1156 2704 1236 2771 filiis
1273 2705 1317 2771 ad
1356 2726 1439 2791 quos

209 2768 362 2886 {iiim
384 2828 528 2894 praesens
563 2811 811 2895 transumptum
845 2808 1043 2893 pervenerit,
1068 2806 1256 2873 Willelmus
1288 2806 1438 2873 Hunden

208 2901 348 3034 ffiegffl·
384 2910 637 2977 Commissarius
685 2910 937 2978 Cantuariensis
987 2910 1167 2989 Generalis,
1216 2910 1357 2976 salutem
1400 2913 1437 2976 in

208 3042 261 3087 rere
383 3015 533 3081 omnium
557 3013 737 3080 salvatore.
795 3013 880 3080 Oum
903 3035 963 3099 per
984 3013 1164 3081 discretum
1190 3014 1300 3079 virum
1322 3011 1436 3078 Domi-

208 3101 333 3221 ffieffi
382 3139 463 3182 num
487 3115 647 3182 Thomanr
672 3117 800 3194 Bultar,
829 3116 1046 3203 Capellauum
1072 3115 1230 3182 cantoriae
1264 3124 1434 3201 perpetum

209 3233 356 3299 pimofsr.
381 3221 494 3286 Beatae
528 3219 652 3294 Mariae,
675 3219 711 3284 in
746 3217 916 3304 Hospitali
955 3217 1071 3284 Sancti
1109 3218 1245 3284 Thomae
1285 3217 1434 3283 Martiris

206 3301 361 3435 fflffig
376 3323 478 3407 juxta
501 3321 689 3409 Estbmgge
714 3321 908 3388 Cantuariaa
931 3321 1089 3400 fundatae,
1111 3321 1216 3398 nobis,
1239 3321 1276 3386 iu
1299 3319 1435 3407 Capella

205 3433 347 3486 incluto-
380 3424 462 3491 dicti
493 3423 678 3510 Hospitalis
710 3443 769 3509 pro
802 3422 964 3487 tribunali
998 3422 1199 3500 sedentibus,
1222 3423 1334 3488 fuerat
1356 3442 1431 3488 oum

206 3502 281 3567 bury.
379 3527 543 3592 instancia
590 3545 657 3589 non
708 3525 836 3590 modica
885 3524 1119 3610 supplicatum,
1155 3531 1204 3601 ut,
1242 3546 1317 3590 oum
1363 3524 1440 3610 ipse

378 3627 542 3692 Dominus
576 3625 720 3690 Thomas
753 3627 915 3711 quasdem
938 3625 1067 3691 litteras
1102 3625 1280 3712 originales
1312 3624 1431 3711 sigillis

377 3729 567 3795 reverenda
602 3727 768 3793 memoriae
802 3727 949 3792 Simonis
982 3727 1070 3815 Islep
1093 3734 1128 3793 et
1163 3728 1310 3793 Simonis
1342 3727 1428 3792 Sud-

376 3832 474 3918 bury,
490 3831 619 3896 dudum
643 3829 798 3896 Ecclesia
816 3829 1067 3896 Osntuariensis
1089 3830 1429 3917 Arohiepisooporum,

376 3953 504 3998 necnon
542 3931 682 3996 Roberti
716 3931 884 4016 quondam
923 3931 1021 3997 diotre
1054 3931 1208 3997 Ecclesiae
1240 3929 1363 3994 Prioris
1393 3937 1429 3995 et

376 4035 522 4120 ejusdem
560 4034 623 4099 looi
657 4031 853 4118 Capitulum
890 4031 1061 4119 sigillatas,
1099 4033 1209 4120 ipsum
1246 4031 1427 4096 Dominum

375 4139 546 4217 Thomam,
584 4137 716 4202 rasione
756 4135 915 4202 eantariae
960 4136 1136 4222 prmdiotae,
1183 4140 1427 4213 oonoernentes,

374 4262 457 4327 quas
495 4261 562 4306 nou
599 4239 720 4304 habeat
760 4243 800 4302 ut
849 4239 990 4304 asseruit
1039 4237 1258 4323 dupplicates,
1297 4257 1427 4302 neeesse

373 4343 496 4410 lrabeat
533 4343 569 4407 iu
607 4341 746 4407 diversis
786 4340 902 4405 mundi
943 4339 1096 4425 partibus
1130 4343 1166 4403 et
1197 4359 1265 4403 non
1300 4338 1426 4403 modioe

374 4445 588 4523 distantibus,
619 4466 679 4531 pro
710 4443 788 4529 jure
823 4443 929 4529 ipsius
961 4441 1098 4507 Domini
1133 4441 1269 4507 Thomae
1291 4447 1327 4506 et
1349 4461 1425 4506 oan-

406 4711 495 4762 1’.[Ίιίε
518 4711 581 4760 deal
605 4707 626 4758 is
649 4705 737 4772 copied
757 4705 810 4756 into
831 4707 874 4755 the
921 4703 1220 4771 presentatiou,besring
1240 4704 1297 4755 that
1317 4706 1383 4767 dale,
1395 4705 1425 4754 of

371 4791 477 4858 register
495 4788 525 4840 of
542 4788 584 4840 the
602 4786 812 4852 year1499,aud
830 4785 874 4834 the
921 4799 937 4833 a
955 4798 1011 4834 narr
1023 4781 1160 4847 Chapluin,
1176 4783 1211 4847 by
1222 4781 1266 4832 the
1278 4781 1355 4833 Prior
1372 4784 1422 4833 und

374 4881 448 4938 entry
458 4869 479 4922 is
492 4867 663 4933 immediately
675 4865 794 4917 followed
811 4866 847 4930 by
858 4881 875 4915 a
920 4863 1033 4928 caspar
1043 4862 1072 4912 oi
1082 4862 1255 4927 Canterbury.
