3350 5800
454 876 519 941 102
776 842 792 853 ”
910 891 1043 941 umas

455 1078 643 1164 Hospitalis
665 1077 959 1157 dberosolimitani,
983 1080 1165 1165 Supremas
1196 1078 1450 1164 Hospitalarius,
1473 1082 1510 1141 et

457 1178 715 1247 Commendator
745 1181 781 1245 in
827 1181 978 1267 Elbingo‚
1017 1183 1115 1268 regiae
1161 1182 1344 1267 majestatis
1387 1184 1509 1245 vasa-ae

459 1284 601 1363 litterae,
641 1283 816 1370 magnifico
862 1286 1125 1371 praepotcntique
1170 1285 1312 1351 Domino
1358 1283 1510 1350 Conrado

460 1385 661 1471 Jungingcn,
685 1385 767 1451 dicti
791 1386 928 1451 Ordinis
951 1387 1065 1453 Beatae
1086 1387 1211 1465 Mariae,
1233 1387 1398 1473 quondam
1429 1386 1508 1450 dum

461 1487 560 1566 vixit,
592 1488 762 1573 Mam'stro
769 1488 923 1555 Generali
965 1491 1115 1566 directas,
1151 1491 1311 1576 receperit
1343 1488 1422 1575 xj¹¹¹⁰
1455 1488 1510 1552 die

460 1588 583 1655 mensis
597 1589 723 1677 Aprilis
754 1592 844 1677 apud
867 1591 1100 1674 Maricnborph
1121 1592 1158 1655 in
1180 1592 1320 1668 Prassia,
1336 1591 1423 1655 iuter
1444 1589 1510 1654 alia

460 1692 667 1759 continentes
705 1694 793 1778 quod
839 1717 943 1759 unum
984 1695 1025 1759 de
1070 1694 1344 1760 ambasiatoribus
1379 1691 1508 1770 vestris,

460 1794 617 1861 videlicet
639 1794 856 1861 Wilhelmum
878 1795 1042 1881 Esturmy
1063 1795 1213 1872 militem,
1236 1796 1279 1861 ad
1302 1794 1508 1859 Durdracum

459 1898 580 1963 iterum
615 1898 766 1963 consistis
804 1899 978 1976 destinare,
1016 1900 1213 1964 mandantes
1250 1899 1316 1962 sibi
1352 1904 1393 1962 ut
1429 1896 1510 1961 illuc

458 1999 631 2065 recelleret
662 2000 794 2079 ibidem,
833 2002 1038 2087 expectando
1075 2002 1178 2067 donee
1211 2000 1316 2085 aliqui
1353 2000 1394 2064 dc
1428 1998 1509 2063 dieti

460 2102 587 2189 pridem
634 2102 770 2169 Domini
816 2103 1155 2191 Magistri-Generalis
1187 2103 1326 2179 nunciis,
1364 2102 1405 2167 de
1449 2120 1511 2164 suo

459 2206 626 2283 mandato,
648 2206 692 2271 ad
718 2206 825 2271 locum
841 2205 946 2284 illurn,
958 2211 1106 2292 tempore
1121 2226 1274 2292 congruo,
1289 2208 1507 2278 revertantur,

459 2307 503 2373 ad
518 2306 618 2371 finem
634 2311 786 2393 optatum
810 2306 847 2370 in
861 2306 996 2372 violatae
1017 2328 1056 2372 ac
1077 2304 1156 2372 hinc
1171 2306 1250 2370 inde
1264 2305 1407 2369 turbatas
1420 2303 1510 2389 pacis

455 2408 655 2494 jamdudum
701 2413 812 2495 coepto
850 2408 995 2496 negotio,
1027 2412 1209 2494 praestante
1246 2406 1395 2484 Domino,
1433 2426 1508 2470 cum

460 2514 584 2579 vestris
613 2512 796 2598 processuri
808 2532 816 2591 ;
840 2512 938 2589 unde,
966 2533 1033 2577 non
1070 2517 1140 2576 tam
1174 2510 1268 2575 vobis
1291 2530 1390 2595 quam
1421 2508 1509 2572 dicto

459 2614 561 2679 militi
584 2620 704 2689 vestro,
738 2615 863 2701 absque
897 2613 1069 2680 dilationis
1094 2613 1310 2690 incommodo,
1332 2610 1508 2677 rescribere

459 2716 645 2802 requisistis
668 2738 729 2782 sua
750 2722 830 2783 vota
842 2736 851 2797 ;
880 2722 981 2802 prout
1002 2716 1103 2781 etiam
1125 2716 1290 2782 dictarum
1320 2715 1507 2779 litterarum

460 2819 578 2885 seriem
634 2818 845 2885 honorabiles
891 2819 956 2883 viri
1013 2818 1226 2884 Proconsules
1270 2822 1305 2883 ct
1350 2815 1509 2883 Consules

461 2921 619 2989 Civitatis
656 2922 850 2988 Lubicensis
888 2922 985 2988 nobis
1022 2923 1149 3008 aperire
1195 2925 1411 2998 curaverunt3
1450 2918 1509 3004 qui

460 3025 638 3090 earundem
669 3026 788 3111 copias,
811 3027 848 3090 in
873 3025 1043 3090 nonnullis
1065 3025 1140 3091 aliis
1169 3024 1290 3088 litteris
1320 3021 1509 3108 hujusmodi

459 3128 633 3192 materiam
658 3127 940 3215 contingentibus,
963 3149 1023 3213 per
1045 3126 1255 3192 serenitatem
1277 3131 1421 3191 vestram
1445 3124 1509 3188 sibi

458 3229 602 3305 directis,
614 3228 773 3294 dixerunt
785 3229 947 3314 recipisse.
979 3229 1118 3313 Insuper
1138 3226 1353 3315 eognovimus
1368 3227 1509 3291 eundem

458 3329 722 3417 Vicesgerentem
761 3329 1099 3417 Magistri-Generalis
1138 3331 1225 3394 dicto
1262 3334 1372 3394 vestro
1409 3329 1510 3393 militi

457 3451 556 3516 super
587 3432 765 3517 praemissis
797 3431 1016 3518 respondisse,
1038 3432 1128 3518 quod
1150 3431 1250 3497 dietis
1282 3429 1507 3496 ambasiatori-

456 3530 520 3596 bus
554 3533 632 3610 suia,
655 3533 738 3598 istae
769 3534 942 3599 nobiscum
964 3533 1237 3618 comparentibus,
1260 3536 1449 3598 constanter
1470 3531 1509 3596 in

456 3633 518 3700 hac
541 3639 635 3719 parte
660 3656 758 3720 penes
773 3657 834 3702 nos
857 3637 982 3702 irrotare
997 3636 1124 3700 dederit
1145 3635 1183 3699 in
1197 3635 1386 3713 commissis,
1400 3635 1507 3700 eidem

456 3735 628 3801 serenitati
662 3743 781 3802 vestrae
815 3743 875 3803 aut
908 3739 998 3804 dicto
1029 3737 1129 3802 militi
1151 3742 1262 3804 vestro
1294 3759 1391 3823 super
1422 3758 1508 3822 prae·

455 3836 563 3900 missis
595 3837 770 3903 rescribere
804 3844 885 3904 vota
917 3845 1041 3918 nostra,
1072 3861 1114 3904 ex
1152 3859 1190 3904 co
1225 3838 1386 3925 precipue
1418 3838 1508 3924 quod

455 3941 619 4003 tractatus
650 3961 750 4024 super
778 3940 1012 4007 reformatione
1036 3947 1070 4006 et
1093 3942 1299 4028 reparatione
1321 3940 1399 4006 hinc
1429 3941 1508 4006 inde

454 4040 602 4106 indebite
624 4046 907 4128 attemptatorum,
923 4065 980 4130 per
1004 4045 1238 4109 ambasiatores
1260 4048 1394 4121 vestros,
1408 4044 1509 4130 plena

453 4148 567 4208 vestra
598 4147 762 4228 potestate
799 4167 859 4231 per
880 4146 1010 4212 litteras
1048 4147 1147 4233 regite
1170 4145 1353 4232 majestatis
1385 4152 1507 4212 vestrae

452 4245 561 4332 sigillo
599 4245 766 4312 roboratas
804 4268 911 4334 nuper
949 4249 1159 4324 constitutos,
1183 4270 1226 4314 ox
1258 4270 1335 4328 una,
1357 4254 1392 4314 et
1423 4249 1507 4315 dicti

452 4347 619 4432 quondam
652 4347 790 4414 Domini
826 4349 1164 4437 Magistri-Generalis
1197 4352 1433 4416 commissarios
1467 4373 1507 4418 ac

453 4451 618 4512 nostrates
651 4448 724 4534 pari
755 4453 920 4535 potestate
951 4451 1104 4517 suffultos
1125 4457 1219 4538 parte
1242 4473 1285 4516 ex
1307 4452 1421 4532 altera,
1435 4461 1507 4518 tam

453 4547 490 4612 in
512 4548 745 4636 Morienborgh
768 4571 867 4637 quam
900 4553 938 4616 in
959 4551 1139 4631 Durdraco
1162 4575 1222 4640 pro
1248 4558 1342 4640 parte
1371 4575 1508 4620 suorum

453 4654 490 4714 ct
511 4653 698 4715 nostratum
721 4651 892 4738 hucusque
913 4653 1030 4730 habiti,
1053 4654 1143 4731 facti,
1165 4659 1200 4719 et
1223 4655 1409 4721 continuati
1431 4658 1505 4744 pari

453 4750 559 4816 forma
603 4756 683 4815 sunt
737 4773 933 4832 communes,
971 4756 1172 4841 hujusceque
1221 4757 1303 4823 dicti
1336 4759 1506 4842 quondam
