3350 5800
430 830 494 894 258
877 850 1010 899 murum

262 1050 356 1099 eovery
367 1032 398 1083 of
429 1016 565 1083 Ouriam
581 1018 705 1083 ibidem
721 1020 815 1105 viijvo
830 1022 884 1087 die
901 1023 1017 1090 Marcii
1036 1047 1124 1089 anno
1139 1026 1338 1113 supradicto,
1354 1027 1478 1095 Thomu

262 1100 402 1217 mss
430 1118 601 1209 senem·
624 1126 705 1187 tune
742 1123 778 1187 in
812 1125 928 1190 eorem
962 1127 1149 1193 anenno
1186 1130 1362 1211 neutum
1394 1133 1480 1216 quoe

264 1204 382 1298 improvi-
431 1222 565 1307 quidem
580 1224 765 1310 improvide
781 1226 955 1293 dimissum
969 1229 1082 1296 fuerat
1104 1231 1148 1295 ad
1162 1231 1292 1295 firmam
1308 1232 1483 1321 Radulpbo

263 1302 353 1417 {¹533
431 1325 533 1414 regu,
556 1349 643 1393 anno
676 1329 769 1415 regni
802 1330 903 1420 aege
927 1332 1064 1399 senen
1099 1333 1194 1400 sexa
1228 1335 1405 1412 musmo,
1426 1358 1484 1422 pm

262 1432 403 1499 foralons
432 1430 574 1495 termino
596 1431 779 1517 nonaginta
813 1455 998 1510 annorum3
1030 1436 1088 1521 qni
1111 1436 1202 1501 obiit
1219 1458 1308 1501 anno
1330 1437 1485 1502 vicesimo

263 1506 336 1550 Μ·
431 1532 566 1596 termini
604 1534 764 1619 predicti,
803 1541 837 1601 et
874 1542 950 1622 post
999 1538 1128 1602 obitum
1165 1538 1270 1624 ipsius
1309 1538 1485 1625 Radulphi,

431 1634 561 1723 magnis
583 1636 772 1721 sumptibus
787 1643 822 1703 et
844 1639 1007 1725 expensis,
1030 1640 1066 1703 in
1089 1640 1285 1725 praedictum
1300 1642 1483 1706 manerium

430 1736 674 1802 reintravimus.
720 1736 906 1805 Careamus
921 1761 963 1805 ne
986 1740 1022 1803 in
1044 1747 1213 1826 posterum
1235 1741 1364 1827 aliquid
1378 1742 1483 1807 simile

430 1837 526 1903 nobis
549 1840 733 1928 contingat.

288 2149 400 2267 ³iiiiv'
435 2160 700 2227 roca-cnm
739 2162 908 2227 Eussner
938 2178 1069 2237 ouran
1114 2178 1162 2226 nr
1207 2178 1485 2228 snosrrssrrour

372 2254 379 2267 '
628 2263 818 2331 crunnus
851 2264 987 2331 Tuonn
1010 2264 1189 2331 Bowonra
1211 2265 1481 2331 Anemumsoorr

268 2342 392 2394 ΗΜ·
627 2368 920 2435 onnumrrrsrs.

264 2534 348 2650 13105111
478 2532 662 2599 Edwardus
684 2532 747 2598 Dei
781 2532 890 2619 gratia
912 2532 986 2598 Rex
1008 2532 1150 2620 Angliae,
1172 2539 1233 2599 etc.
1259 2533 1414 2599 omnibus
1443 2534 1486 2597 ad

265 2616 514 2733 p2³,J¹,⁰„⁰3„‘{,¹¹¹'quos
548 2639 725 2722 praesentes
760 2634 881 2700 litteras
913 2634 1136 2720 pervenerint,
1169 2634 1319 2699 salutem.
1366 2635 1485 2701 Sciatis

266 2733 404 2812 ²¹‚10A10h-
432 2737 521 2824 quod
554 2760 623 2818 nos,
656 2738 699 2801 ob
736 2737 871 2801 interna
894 2736 1069 2802 devotione
1099 2759 1199 2823 quam
1234 2738 1277 2802 ed
1306 2738 1484 2823 gloriosum

264 2800 392 2928 hiim
431 2841 600 2906 martirem
624 2838 784 2906 Sanctum
808 2836 968 2904 Thomam
1000 2838 1145 2924 gerimus
1179 2844 1214 2904 et
1247 2839 1412 2918 babemus,
1443 2840 1483 2906 de

283 2933 543 3051 ffipoe‘tffiffist
576 2947 690 3008 nostra
727 2940 869 3027 speciali,
901 2962 939 3006 ac
973 2962 1015 3004 ex
1048 2947 1138 3006 certa
1162 2941 1301 3006 scientis
1326 2948 1362 3006 et
1392 2965 1484 3008 mero

266 3009 410 3117 bisuntio
434 3051 528 3110 motu
550 3045 680 3124 nostris,
703 3042 922 3109 concessimus
944 3046 979 3106 et
1001 3041 1171 3106 licentiam
1187 3042 1351 3123 dedimus,
1366 3065 1405 3108 ac
1427 3065 1485 3130 per

264 3130 420 3249 fflssjss‘
432 3153 611 3236 praesentes
632 3145 842 3212 concedimus
865 3149 900 3209 et
922 3143 1091 3210 licentiam
1114 3143 1240 3223 damus,
1256 3166 1316 3230 pro
1339 3145 1436 3210 nobie
1450 3151 1484 3210 et

264 3265 397 3328 Pmflelu,
432 3249 608 3315 heredibus
631 3247 760 3324 nostris,
776 3253 939 3332 quantum
962 3246 999 3310 in
1022 3245 1119 3310 uobis
1141 3246 1384 3323 eet,ca1issimo
1408 3268 1483 3312 con·

263 3346 394 3448 :ssffit
433 3351 613 3437 sanguineo
647 3355 760 3414 nostro
793 3347 928 3413 Thomas
952 3345 1123 3413 Oardineii
1162 3352 1198 3411 et
1230 3346 1484 3434 Archiepiscopo

264 3463 359 3515 sorthe
434 3451 677 3529 Oantuariensi,
728 3455 762 3514 et
815 3449 995 3514 Laurentio
1045 3446 1206 3535 Episcopo
1253 3448 1484 3528 Dunolmensi,

262 3529 376 3661 fflfigpg
433 3552 568 3619 Thomae
594 3551 754 3638 Episcopo
778 3550 1000 3615 Lincolniansi
1024 3571 1130 3635 nuper
1150 3549 1312 3635 Episcopo
1328 3549 1484 3629 Roffenai,

262 3663 395 3727 chentry,
435 3654 582 3720 Johanni
593 3652 795 3739 Wyngeield
811 3653 922 3729 militi,
934 3652 1070 3717 Thomae
1088 3650 1341 3737 Wyntyrborne
1356 3653 1484 3730 clerieo,

263 3729 409 3845 &effipia
433 3758 456 3823 J
458 3757 581 3824 obanni
592 3755 693 3821 Olerk
707 3755 768 3819 uni
784 3755 951 3819 Beronum
967 3754 1008 3818 de
1020 3753 1187 3818 Scnceario
1203 3758 1326 3831 nostro,
1336 3752 1359 3817 J
1360 3755 1484 3818 ohanni

261 3859 397 3938 munnae
434 3861 610 3925 Bromston
642 3857 825 3942 Armigero,
868 3855 1059 3920 Alexandro
1084 3853 1196 3931 Wode,
1246 3858 1280 3917 et
1318 3854 1484 3920 Willelmo

263 3927 392 4058 :titium
432 3963 590 4030 Duraunt
604 3960 693 4046 quod
715 3959 790 4045 ipsi,
813 3980 872 4024 seu
894 3980 1008 4023 eorum
1030 3956 1135 4042 aliqui
1157 3957 1211 4021 vel
1233 3956 1363 4041 aliquis,
1380 3957 1484 4023 domi·

433 4066 527 4130 nium
544 4064 614 4128 sive
632 4062 818 4126 manerium
830 4061 871 4125 de
888 4059 1039 4137 Panfeld,
1055 4059 1136 4122 alias
1153 4057 1280 4124 dictum
1295 4057 1484 4125 Prioratum

434 4168 475 4234 de
492 4166 640 4242 Pauield,
656 4186 731 4231 cum
753 4163 906 4227 omnibus
922 4162 1027 4239 terris,
1051 4161 1258 4239 tenementis,
1274 4162 1390 4246 pratis,
1407 4184 1482 4247 pes·

432 4269 525 4346 turis,
548 4268 666 4345 boscio,
688 4265 883 4341 redditibus,
900 4270 934 4328 et
956 4263 1109 4339 servitiis,
1122 4263 1228 4328 eidem
1251 4263 1399 4328 dominio
1414 4265 1485 4328 sive

435 4371 582 4436 manerio
614 4373 673 4432 aut
696 4368 847 4455 prioratu
870 4365 1116 4452 pertinentibus
1146 4365 1218 4429 sive
1248 4366 1485 4450 spectantibus,

434 4480 468 4539 et
490 4471 703 4559 pertinentiis
725 4468 793 4533 suis
816 4468 1086 4554 quibuscumque,
1101 4467 1138 4531 in
1159 4467 1321 4532 comitatu
1337 4467 1485 4533 Fneexiae

433 4575 527 4642 acin
553 4573 690 4639 civitate
714 4570 904 4647 Londoniee,
927 4591 1001 4654 quse
1024 4567 1182 4633 danobis
1205 4567 1405 4646 immediate,
1427 4590 1487 4654 per

435 4679 608 4744 servitium
632 4673 732 4738 unius
755 4693 837 4738 rosae
861 4671 965 4736 rubiae
980 4669 1154 4736 aunuatim
1175 4668 1219 4732 ad
1241 4668 1363 4733 festum
1386 4667 1485 4733 Nati-

434 4779 550 4846 uitatis
574 4775 689 4844 Sancti
705 4774 729 4840 J
729 4774 869 4840 ohannis
885 4773 1055 4859 Baptistae,
1072 4777 1237 4845 tenentur,
1253 4791 1313 4856 pro
1329 4771 1484 4836 omnibus
