3350 5800
618 911 911 962 ossrussrnssrs.
1215 898 1277 960 145

223 1097 313 1158 trent
335 1099 370 1158 et
393 1094 575 1158 ministrari
610 1094 734 1160 facient
756 1095 1013 1181 imperpetuum,
1037 1099 1202 1180 quatenus
1233 1095 1277 1162 ad

223 1214 283 1258 nos
305 1195 429 1259 attinet
461 1195 496 1258 iu
519 1195 581 1260 hac
605 1201 711 1279 parte,
745 1194 900 1282 diligenti
924 1200 1071 1260 tractatu
1094 1195 1184 1260 inter
1216 1218 1276 1260 nos

224 1295 302 1360 inde
336 1295 529 1381 praehabito,
577 1296 811 1373 consentimus,
850 1302 886 1361 et
922 1303 1073 1360 nostrum
1105 1317 1276 1362 assensum

224 1396 417 1480 praebemus,
440 1398 564 1483 puriter
597 1403 633 1463 et
654 1417 859 1475 consensum,
882 1397 926 1463 ad
947 1397 1069 1462 eadem.
1117 1398 1162 1463 Et
1193 1399 1276 1462 ulte·

220 1498 299 1575 rius,
324 1500 483 1564 noveritis
514 1521 583 1576 nos,
606 1500 650 1565 ad
683 1499 878 1564 instantiam
911 1499 1089 1563 eorundem
1124 1505 1276 1566 executo-

187 1659 189 1664 .
222 1620 306 1677 rum,
329 1601 531 1678 concessisse,
555 1607 590 1665 et
622 1599 685 1666 hoc
718 1600 878 1686 praesenti
909 1600 1032 1686 scripto
1065 1606 1177 1665 nostro
1200 1622 1275 1666 con·

223 1700 379 1782 firmasse,
414 1701 578 1766 Willelmo
617 1699 758 1778 Estfcld,
787 1701 957 1765 Eborardo
990 1700 1092 1778 Flete,
1128 1700 1275 1767 Johanni

221 1800 437 1881 Washborne,
470 1812 504 1868 et
527 1802 668 1868 Ricardo
702 1801 813 1877 Bures,
849 1801 1052 1866 custodibus
1084 1801 1274 1867 Communi-

222 1905 304 1967 tatis
336 1903 503 1989 mysteriae
538 1903 704 1969 Merceriae
729 1902 887 1967 Civitatis
910 1901 1155 1968 Londoniarum
1187 1924 1276 1970 nunc

221 2004 453 2082 existentibus,
468 2009 503 2070 et
519 2025 630 2069 eornm
653 2002 895 2089 successoribus
917 2002 1168 2089 imperpetuum,
1186 2006 1275 2090 quod

222 2105 287 2191 ipsi
309 2107 344 2170 iu
368 2108 475 2192 prima
498 2112 532 2171 et
553 2105 705 2192 proxima
729 2105 902 2170 vacatione
932 2105 1076 2171 ecclesiae
1099 2107 1275 2192 praedictae,

222 2215 258 2272 et
295 2213 417 2274 extunc
454 2209 670 2295 imposterum
714 2204 990 2292 quandocumque
1033 2214 1068 2272 et
1105 2208 1275 2293 quotiens-

222 2331 363 2395 cumque
396 2309 562 2375 ecclesiam
597 2308 688 2373 illam
724 2329 842 2374 vacare
880 2309 1064 2396 contigerit,
1097 2331 1201 2374 unum
1233 2310 1274 2374 de

222 2412 336 2476 eodem
372 2412 518 2500 Collegio
554 2409 769 2497 Capellanum
804 2409 959 2474 idoneum
993 2417 1027 2477 et
1060 2412 1273 2498 circumspec-

223 2519 305 2592 tum,
339 2513 548 2580 velaliende
583 2513 612 2576 si
644 2511 723 2576 talis
748 2513 783 2574 in
815 2511 888 2597 ipso
921 2533 990 2577 non
1020 2515 1213 2598 reperiatur,
1237 2516 1271 2578 in

226 2616 420 2702 Magistrum
473 2615 556 2681 dicti
593 2612 743 2699 Collegii,
781 2634 841 2698 per
885 2613 1081 2699 Capellanos
1125 2617 1273 2701 ejusdem

223 2717 362 2804 Collegii
384 2717 438 2782 vel
461 2716 619 2801 majorem
653 2719 782 2800 partem
806 2715 993 2792 eorundem,
1016 2716 1106 2781 infru
1128 2739 1272 2782 mensem

221 2841 242 2886 a
274 2825 421 2907 tempore
458 2815 642 2884 vacationis
673 2814 863 2903 hujusmodi
895 2815 1044 2894 electum,
1077 2824 1111 2884 et
1149 2820 1272 2885 eisdem

224 2922 426 2989 Custodibue
461 2944 519 3009 pro
553 2920 716 3007 Magistro
750 2919 880 3006 praefati
904 2919 1043 3006 Collegii
1075 2942 1135 3007 per
1166 2922 1273 2988 dictos

222 3024 425 3112 Capellunos,
461 3024 524 3089 sub
554 3022 663 3109 sigillo
685 3042 745 3085 suo
767 3022 942 3099 communi,
983 3024 1112 3087 notorie
1136 3024 1273 3090 nuncia·

221 3134 305 3204 tum,
337 3124 493 3211 alioquin,
528 3123 621 3210 lapso
659 3144 770 3187 mense
808 3123 978 3207 praedicto,
1016 3145 1075 3209 per
1106 3124 1270 3190 defectum

221 3228 390 3295 electionis
413 3234 447 3293 et
478 3225 702 3292 nunciationis
735 3223 935 3309 hujusmodi,
957 3247 1061 3289 unum
1095 3226 1136 3291 de
1159 3227 1272 3292 eodem

221 3330 367 3417 Collegio
399 3327 614 3414 capellanum
646 3325 801 3391 idoneum
834 3334 869 3389 et
900 3325 1181 3412 circumspectum,
1212 3334 1272 3394 aut

221 3433 356 3499 aliunde
390 3432 418 3495 si
450 3428 527 3495 talis
561 3430 596 3493 in
619 3448 657 3493 eo
688 3448 755 3493 non
787 3427 982 3512 reperiatur,
1005 3428 1041 3493 in
1076 3430 1271 3517 Magistrum

221 3536 369 3621 ejusdem
401 3532 548 3619 Collegii,
581 3552 640 3617 per
676 3528 832 3615 praefatos
851 3529 1042 3626 'Custodes
1076 3532 1163 3597 infra
1206 3539 1272 3598 tres

220 3658 348 3703 menses
391 3639 473 3701 tunc
519 3631 686 3719 proximos
723 3633 898 3715 sequentes
934 3630 1132 3717 eligendum,
1177 3634 1272 3698 nobis

220 3740 391 3804 nominare
414 3736 551 3825 possint,
574 3732 617 3800 ad
640 3733 779 3799 eandem
802 3732 972 3798 ecclesiam
995 3736 1273 3819 praesentandum,

222 3848 257 3907 ct
305 3841 392 3927 quod
441 3860 511 3915 nos,
549 3842 583 3902 et
623 3856 823 3901 successores
869 3837 975 3899 nostri
1021 3839 1272 3923 imperpetuum,

220 3942 434 4031 Capellanum
471 3937 673 4025 hujusmodi,
703 3958 763 4023 per
786 3936 948 4001 Custodes
979 3938 1076 4003 dictae
1107 3941 1273 4025 mysteriae

221 4068 280 4133 pro
303 4052 451 4131 tempore
474 4043 654 4107 existentes
677 4040 724 4106 sic
747 4039 842 4103 nobis
865 4040 1082 4115 nominatum,
1106 4042 1148 4105 ad
1172 4043 1271 4108 cccle-

222 4152 304 4215 sism
327 4148 428 4221 illurn,
453 4144 576 4211 totiens
602 4142 755 4228 quotiens
787 4141 967 4218 vacaverit,
1001 4145 1272 4226 praesentabimus

221 4274 295 4317 curn
327 4249 464 4326 effectu;
492 4246 586 4311 salva
608 4265 736 4329 semper
765 4248 801 4307 et
823 4249 998 4319 reservate,
1022 4244 1117 4308 nobis
1144 4251 1179 4310 et
1201 4268 1273 4311 suc-

220 4353 400 4421 cessoribus
437 4348 560 4415 nostris
597 4346 850 4432 imperpetuum,
885 4344 943 4410 illa
964 4367 1076 4411 annua
1114 4348 1270 4433 pensione

218 4458 363 4544 quinque
395 4452 583 4526 solidorum,
616 4469 675 4534 per
698 4447 895 4533 Magistrum
933 4446 1015 4511 dicti
1042 4448 1188 4536 Collegii,
1211 4453 1268 4535 qui

219 4580 279 4647 pro
302 4565 448 4642 tempore
471 4552 582 4629 fuerit,
605 4550 779 4615 annuatim
815 4548 982 4625 solvenda,
1007 4571 1107 4634 qncm
1129 4559 1269 4615 rectores

219 4658 362 4727 ecclesiae
400 4654 515 4721 Sancti
553 4652 722 4718 Michaelis
745 4649 923 4715 antedictos
957 4650 1053 4715 nobis
1091 4657 1124 4717 et
1147 4652 1270 4738 praede·

219 4759 402 4830 censoribus
423 4756 555 4832 nostris,
577 4777 597 4819 a
619 4760 692 4819 toto
713 4758 870 4839 tempore,
886 4750 1065 4827 solverunt,
1088 4758 1123 4818 et
1145 4753 1270 4819 soluere

319 4860 344 4909 U
378 4860 469 4909 55671.
1112 4870 1137 4917 1(
