3350 5800
610 873 901 927 clarummane.
1224 854 1288 921 123

279 1162 601 1234 eea-omme
623 1159 814 1229 orariam
836 1157 973 1225 Dounu
1003 1158 1141 1225 Taena
1165 1156 1288 1223 Aean·
1328 1162 1432 1215 unae

573 1280 663 1329 nana
684 1263 965 1328 Aacmmmoom.
1302 1344 1321 1397 S
1343 1232 1419 1397 2¹¹·

1322 1380 1329 1395 .
1386 1359 1411 1397 α.

280 1416 455 1484 Universis
491 1415 624 1481 Sanctae
663 1414 779 1479 matris
816 1413 971 1480 Ecclesiae
1009 1410 1087 1477 filiis
1132 1412 1175 1478 ad
1207 1432 1290 1499 quos
1304 1462 1387 1513 Arch-
1472 1434 1477 1442 ·

236 1524 413 1607 praesentes
456 1518 582 1583 litterae
626 1514 852 1603 pervenerint,
889 1514 1033 1580 Thomas
1078 1514 1291 1601 permissione
1303 1529 1394 1593 bishop

236 1622 353 1687 divina
382 1618 634 1688 Oantuariensis
667 1615 950 1703 Archiepiscopus,
983 1620 1043 1682 etc.
1077 1616 1217 1683 salutem
1255 1618 1291 1681 in
1304 1594 1426 1711 ffiff

237 1724 388 1790 omnium
427 1721 612 1799 salvatore,
651 1727 687 1786 et
722 1719 823 1784 fidem
861 1717 1035 1784 indubiam
1073 1718 1292 1805 praesentibus
1305 1725 1452 1805 chentryor

236 1826 404 1892 adhibere.
472 1822 660 1890 Plasmator
698 1822 915 1908 omnipotens,
961 1820 1125 1887 Dominus
1170 1818 1292 1887 dhesus
1304 1800 1456 1910 mm

237 1927 400 2006 Christus,
423 1927 481 2012 qui
516 1925 726 2012 deperditum
748 1945 853 2011 genus
875 1922 1060 1989 humanum
1094 1925 1130 1988 in
1159 1924 1292 2012 protho-
1305 1926 1395 1992 e1¹⁸1>0¹

236 2029 338 2117 piasti
361 2034 496 2116 peccato
518 2028 572 2092 sui
595 2026 769 2113 sanguinis
784 2026 978 2092 commercio
995 2026 1171 2112 reparavit,
1186 2027 1292 2113 pridie
1305 1992 1467 2109 affligi}

238 2154 339 2219 quam
372 2135 542 2219 pateretur
574 2130 714 2197 humani
748 2128 878 2215 generis
901 2127 1099 2216 posteritati,
1123 2128 1202 2195 filiis
1224 2131 1292 2195 suis
1305 2125 1465 2191 (tanmem

239 2233 352 2298 electis
384 2232 425 2298 de
459 2230 552 2296 tribu
590 2230 673 2295 Levi
711 2230 747 2293 in
786 2229 1007 2297 sacerdotium
1046 2231 1292 2316 sempiternum,
1306 2190 1452 2309 gffiffl'

240 2336 385 2421 corporis
410 2338 446 2399 et
480 2333 652 2419 sanguinis
674 2331 726 2396 sui
749 2331 956 2416 mysterium,
980 2352 1039 2417 pro
1062 2332 1150 2397 vivis
1181 2340 1215 2399 et
1238 2335 1293 2400 de·
1307 2326 1386 2441 mih

240 2435 363 2501 fimetis
385 2434 653 2521 dispensandum,
677 2431 853 2509 commisit,
877 2434 917 2497 ut
939 2432 976 2495 in
998 2432 1102 2519 ipsius
1125 2436 1292 2520 preciosis·
1307 2404 1432 2522 {istrata

241 2538 318 2602 simi
356 2536 525 2601 oblatione
559 2534 766 2610 sacramenti,
798 2534 834 2597 in
869 2552 934 2618 quo
965 2539 1101 2619 peecata
1132 2535 1294 2621 delentur,
1308 2524 1439 2641 ffifmf'

242 2639 345 2704 etiam
367 2637 405 2701 in
427 2658 494 2722 quo
517 2636 664 2700 vivimus
686 2655 725 2700 ao
756 2655 936 2711 movemur,
959 2634 1047 2699 vivis
1078 2647 1295 2723 procurentur
1308 2604 1455 2707 maritatus

242 2739 375 2816 salutes,
413 2738 450 2801 in
496 2737 690 2824 purgatorio
736 2736 956 2801 existentibus
995 2737 1223 2825 indulgentia,
1260 2748 1295 2809 et
1309 2723 1422 2787 college.

244 2842 403 2930 suffragia
453 2840 618 2908 resolutis.
687 2840 785 2907 Hane
831 2839 994 2926 siquidem
1048 2842 1298 2915 meditationem

245 2945 395 3011 interiori
429 2943 552 3009 mentis
585 2943 656 3010 acie
688 2943 862 3008 manifeste
884 2947 1068 3028 pensantes,
1091 2943 1300 3017 affectantes-

246 3067 309 3133 que
332 3043 625 3131 quamplurimum,
641 3043 721 3108 dum
737 3043 800 3107 sub
813 3041 877 3108 hac
893 3043 1020 3108 miserae
1036 3045 1144 3110 earnis
1159 3047 1299 3118 clamide

246 3149 397 3236 tegimur,
420 3167 481 3234 pro
504 3145 637 3212 caducis
659 3150 694 3210 et
716 3145 917 3210 transitoriis
930 3143 1031 3230 hujus
1047 3146 1145 3212 vallis
1160 3150 1300 3220 miseriae

246 3250 396 3317 coelestia
417 3247 623 3322 commutari,
647 3252 681 3312 et
703 3245 823 3312 animae
847 3251 968 3312 nostra
1000 3247 1100 3314 saluti
1124 3257 1300 3338 postquam

247 3352 333 3418 hano
364 3371 496 3418 earnem
519 3349 672 3414 exuimus
686 3370 746 3435 per
769 3349 832 3415 hoo
847 3349 1035 3416 venerabile
1050 3347 1299 3435 sacramentum,

248 3454 302 3521 cui
339 3451 495 3517 nonnulli
532 3449 650 3514 diebus
693 3450 816 3514 nostris
855 3449 891 3513 iu
923 3449 1134 3535 opinionibus
1166 3455 1301 3542 perfidis

248 3555 396 3631 obviant,
419 3551 583 3618 salubrius
605 3550 799 3635 providere,
831 3571 933 3614 unam
957 3554 1137 3620 cantariam
1160 3557 1302 3624 duorum

250 3657 502 3745 capellanorum
541 3653 747 3730 secularium,
785 3654 827 3718 de
872 3652 1008 3720 licentia
1046 3657 1138 3744 regia
1168 3661 1302 3746 speciali

249 3759 464 3848 praecedente,
497 3777 537 3822 aa
558 3755 674 3842 vigore
705 3753 895 3820 litterarum
929 3757 1184 3842 apostolicarum
1207 3763 1304 3830 nobis

249 3864 285 3926 in
307 3862 369 3927 hae
392 3864 489 3947 parte
511 3878 752 3935 concessarum,
777 3856 815 3920 in
838 3857 983 3922 oratorio
1005 3866 1119 3926 nostro
1152 3865 1188 3928 in
1211 3866 1304 3946 navi,

251 3964 323 4028 sive
344 3963 383 4027 in
404 3981 547 4047 corpore,
569 3963 694 4024 nostrae
724 3963 848 4024 sanctae
871 3961 1133 4048 metropolitanae
1156 3965 1304 4034 (tantur.

250 4065 367 4131 riensis
399 4062 554 4129 Fcclesiae
586 4081 742 4138 creamus,
776 4059 964 4138 fundemus,
985 4066 1021 4128 et
1052 4065 1221 4152 erigimus,
1243 4091 1305 4157 pro

251 4167 378 4232 salubri
409 4169 502 4230 statu
536 4161 815 4230 christianissimi
850 4161 887 4225 in
921 4161 1055 4230 Christo
1076 4168 1238 4257 principis
1270 4176 1305 4238 et

252 4266 378 4335 domini
400 4265 517 4345 nostri,
531 4263 669 4330 Domini
693 4263 833 4330 Henrici
856 4262 920 4328 Dei
935 4265 1044 4350 gratia
1059 4266 1160 4355 Regis
1174 4271 1306 4360 Angliae

254 4375 288 4435 et
320 4368 471 4435 Franciae
504 4372 539 4432 et
572 4365 710 4432 Domini
742 4364 915 4434 Hibernia
938 4365 1077 4433 illustris
1100 4373 1221 4456 quarti,
1238 4374 1306 4442 D0.

252 4469 399 4555 minique
434 4467 573 4533 Haurioi
604 4465 768 4554 Principis
791 4466 921 4534 Walliae
952 4469 1071 4554 primo,
1105 4476 1140 4538 et
1172 4472 1308 4540 Domini

253 4572 388 4636 Thomas
422 4568 525 4636 Ducis
548 4567 728 4635 Olareneiae
761 4569 912 4647 secundo,
944 4572 1132 4658 genitorum
1164 4596 1309 4656 suorum,

253 4675 382 4739 necnon
431 4670 584 4737 Dominae
623 4671 809 4757 Margarete
847 4671 953 4756 ipsius
1002 4671 1138 4739 Domini
1173 4675 1308 4746 Thomas

253 4775 422 4850 consortis,
444 4793 483 4860 ae
520 4773 680 4838 carissimi
707 4772 837 4852 nepotis
871 4772 977 4838 nostri
1007 4773 1144 4839 Domini
1175 4777 1310 4846 Thomae
