3350 5800
639 864 934 915 cauutllsmnslcs.

1280 1181 1408 1231 Letters

282 1191 500 1258 “JonAnnus
539 1195 722 1311 Episcopus
768 1216 885 1259 servus
923 1215 1093 1258 servorum
1138 1192 1211 1269 Dei,
1249 1210 1293 1255 au
1306 1246 1441 1312 Amne

234 1300 430 1379 perpetuam
465 1297 513 1361 rei
546 1298 748 1373 memoriam,
772 1296 830 1360 illa
862 1317 935 1381 quaa
958 1316 1018 1380 pro
1042 1294 1147 1359 divini
1182 1294 1293 1359 cultus
1305 1314 1334 1364 of
1345 1313 1417 1364 John

236 1402 417 1481 augmento
440 1404 475 1462 ct
497 1399 684 1463 animarum
707 1397 813 1461 salute
830 1396 1039 1461 rationabilit
1026 1403 1076 1460 ter
1098 1403 1133 1461 et
1156 1380 1405 1483 provideXXIII
1307 1446 1394 1497 aare
1370 1416 1415 1509 ἑ

235 1494 324 1561 facte
346 1505 435 1575 sunt,
459 1506 498 1564 ut
519 1500 651 1564 illibata
681 1499 861 1585 persistant
883 1496 1035 1576 libenter,
1059 1519 1134 1562 cum
1157 1520 1178 1563 a
1200 1498 1422 1563 nobisnoeeor

237 1600 372 1683 petitur,
412 1602 592 1689 apostolico
634 1602 818 1666 munimine
858 1602 1058 1666 roboramus
1133 1600 1295 1666 Exhibita
1307 1578 1424 1695 ξὶῗοῌ

237 1700 401 1783 siquidem
436 1726 549 1789 nuper,
582 1726 642 1789 pro
677 1709 771 1790 parte
805 1703 1004 1767 venerabilis
1036 1704 1149 1768 fratris
1188 1703 1403 1768 nostriauov.

237 1799 372 1867 Thomae
396 1803 483 1869 Cant
470 1806 646 1871 tuariensis
669 1803 918 1889 Arcbiepiscopi
948 1804 1077 1889 petitio,
1100 1805 1293 1869 continebat
1307 1782 1379 1828 ¹⁴¹¹

237 1904 326 1985 quod
358 1905 484 1969 dudum
515 1928 574 1991 pro
606 1912 701 1991 parte
735 1927 796 1969 sua
826 1904 955 1991 Angelo
987 1905 1100 1990 Cortr)
1088 1907 1182 1990 )ario,
1213 1910 1294 1972 tunc

237 2002 274 2065 in
304 2026 365 2069 sua
390 2007 583 2071 obedientia
607 2006 765 2093 Gregorio
789 2019 885 2069 xl1¹²¹⁰
907 2011 1110 2092 nuncupato,
1135 2007 1296 2092 exposito,

237 2107 328 2189 quod
350 2108 430 2172 olim
452 2110 524 2195 ipse
547 2109 834 2195 Archiepiscopus,
859 2129 919 2193 pro
949 2109 1070 2173 animae
1092 2130 1161 2175 suae
1186 2109 1293 2176 salute

236 2214 272 2273 ct
293 2210 402 2274 divini
433 2210 543 2276 cultus
573 2218 764 2296 augmento,
787 2211 824 2273 in
854 2210 917 2276 hoc
948 2212 1049 2275 etiam
1082 2214 1291 2296 quorundam

236 2311 510 2395 praedecessorum
542 2334 677 2377 suorum
709 2312 1040 2397 Archiepiscoporum
1072 2312 1292 2379 Cantuaricn-

237 2413 332 2489 sium,
364 2415 421 2498 qui
454 2414 594 2478 fuerunt
631 2436 690 2501 pro
721 2420 881 2498 tempore,
914 2411 1065 2498 vestigiis
1092 2413 1293 2493 inhaerendo,

236 2516 402 2600 quandam
445 2517 626 2581 cantariam
658 2537 717 2601 pro
754 2514 885 2580 duobus
915 2515 1130 2601 presbyteris,
1161 2523 1196 2582 et
1227 2522 1293 2582 ter-

235 2616 322 2681 tium
358 2618 561 2682 sacerdotem
590 2618 732 2703 jungere
768 2616 974 2703 proponebat
1006 2617 1043 2679 in
1081 2617 1218 2682 ecclesia
1252 2619 1292 2681 de

234 2720 449 2806 Maydyston,
487 2720 737 2786 Cantuariensis
775 2718 934 2794 dioecesin,
969 2719 1010 2783 de
1048 2740 1135 2783 novo
1173 2720 1292 2784 funda·

235 2827 330 2887 verat
353 2844 411 2886 seu
435 2825 596 2895 erexerat,
614 2821 672 2906 qui
696 2820 830 2905 quidem
854 2819 921 2882 duo
945 2819 1129 2905 presbyteri
1152 2820 1187 2882 in
1210 2820 1292 2884 navi

235 2925 305 2988 sive
336 2925 372 2987 in
403 2945 536 3010 corpore
563 2923 716 2988 Ecclesiae
740 2920 1003 3002 Cantoariensis,
1025 2922 1152 2986 ordinis
1176 2921 1291 2988 Sancti

235 3026 414 3102 Benedicti,
438 3027 475 3089 in
505 3047 570 3111 qua
601 3024 737 3109 quidem
769 3024 851 3087 navi
874 3023 964 3086 idern
988 3022 1131 3088 Thomas
1154 3025 1290 3090 Archis-

233 3131 386 3215 piscopus
418 3149 512 3192 suam
543 3127 645 3212 elegit
675 3125 894 3211 sepulturam,
917 3134 952 3189 et
983 3127 1150 3211 quoddam
1183 3135 1291 3194 orato·

233 3232 320 3295 rium
354 3231 513 3295 devotum
548 3229 737 3294 construxit
769 3233 804 3291 et
833 3225 1020 3304 honestum,
1050 3229 1109 3293 ubi
1139 3231 1290 3316 populus,

234 3332 312 3396 dum
346 3332 515 3396 interioris
544 3333 630 3416 septi
661 3329 859 3394 dilectorum
889 3350 1023 3394 suorum
1054 3332 1289 3398 monachorum

232 3432 379 3517 ejusdem
412 3431 662 3497 Cantuariensis
700 3429 864 3508 Ecclesiae,
900 3434 963 3495 etc.
1023 3430 1073 3495 Ac
1104 3454 1164 3517 pro
1194 3435 1289 3518 parte

230 3535 362 3620 praefati
394 3534 532 3599 Thomas
564 3534 671 3598 eidem
703 3533 832 3618 Angelo
864 3534 1090 3618 supplicatum
1120 3536 1196 3612 fuit,
1228 3544 1288 3602 etc.

231 3637 327 3701 Idem
350 3636 497 3722 Angelus
530 3637 653 3702 eisdem
686 3636 993 3721 supplicationibus,
1017 3643 1077 3701 etc.
1125 3637 1196 3701 Nos
1226 3639 1289 3724 igi-

232 3745 289 3804 tur
318 3739 510 3824 hujusmodi
541 3737 842 3824 supplicationibus
864 3738 1028 3813 inclinati,
1051 3738 1287 3824 incorporatio-

234 3861 318 3918 nem,
354 3840 583 3917 annexionem,
617 3845 652 3903 et
689 3838 847 3902 unionem
886 3838 1069 3922 praedictas,
1101 3861 1139 3904 ac
1177 3843 1288 3906 omnia

232 3943 309 4006 inde
344 3957 457 4008 secuta
491 3947 565 4006 rata
598 3945 632 4004 et
670 3951 767 4026 grata
802 3939 972 4019 habentes
1008 3963 1054 4018 ea,
1088 3945 1287 4009 auctoritate

232 4044 420 4129 apostolica,
444 4045 677 4108 confirmamus
701 4041 932 4126 et‚p1aesentis
955 4043 1070 4127 scripti
1093 4047 1287 4129 patrocinio,

231 4145 478 4210 communimus.
526 4143 726 4229 Supplentes
757 4163 871 4206 omnes
902 4142 1059 4221 defectus,
1082 4146 1111 4209 si
1142 4149 1200 4231 qui
1223 4148 1289 4213 for-

233 4247 320 4311 sitan
356 4247 608 4324 intervenerint,
641 4249 677 4309 in
713 4245 845 4310 eisdem.
904 4244 1000 4309 Nulli
1038 4269 1115 4335 ergo
1153 4252 1288 4316 omnino

234 4349 402 4412 nominum
427 4348 524 4412 liceat
547 4347 632 4412 hanc
655 4348 821 4432 paginam,
846 4353 907 4412 etc.
956 4346 1045 4412 Data
1061 4349 1175 4416 Romae
1198 4353 1287 4438 apud

233 4449 393 4516 Sanctum
425 4449 561 4514 Petrum
600 4449 667 4534 iiij⁰
701 4469 806 4513 nonas
839 4448 1040 4514 Novembris
1074 4452 1287 4535 pontificatus

233 4552 335 4616 nostri
360 4572 449 4616 anno
471 4550 642 4616 secundo’'

278 4653 336 4719 Set
346 4654 552 4739 quiaparum
568 4657 618 4717 est
628 4652 810 4718 cantariam
827 4653 953 4738 erigere
969 4659 1004 4717 et
1018 4653 1161 4718 fundare
1176 4663 1211 4719 et
1222 4655 1286 4724 Oa·
1297 4662 1382 4714 Arch-

232 4756 406 4842 pellanos
397 4778 432 4819 m
450 4755 599 4820 eadem
591 4755 672 4820 rusti
673 4759 766 4820 tuero
783 4755 849 4820 nis1
839 4755 1091 4820 ordinationes
1107 4761 1142 4821 et
1156 4760 1285 4826 statuta
1296 4729 1434 4850 fflflep,
