3350 5800
587 880 877 933 effluamausrs
1222 872 1264 933 89

251 1064 349 1130 Item.
396 1065 451 1129 Ad
487 1065 699 1131 undecimum
735 1065 913 1131 articulum
950 1066 1075 1143 dieunt,
1092 1072 1152 1131 etc.
1175 1064 1261 1151 quod

203 1162 334 1231 Jacobo
367 1166 407 1230 de
443 1188 507 1252 quo
541 1166 577 1231 in
613 1166 756 1231 articulo
790 1167 830 1231 fit
864 1167 1001 1244 mencio,
1034 1189 1093 1254 pro
1127 1166 1193 1231 hiis
1223 1168 1264 1230 de

202 1267 327 1351 quibus
350 1274 565 1353 conquestum
590 1274 640 1334 est
662 1269 698 1332 in
714 1267 775 1334 hoe
791 1269 941 1345 articulo,
964 1275 999 1334 et
1013 1268 1090 1333 aliis
1112 1267 1262 1333 articulis

204 1389 266 1453 per
288 1369 453 1435 Prucenos
476 1392 535 1457 pro
559 1370 630 1457 ipso
653 1370 750 1447 datis,
773 1371 814 1436 de
838 1370 902 1454 iiij⁰
924 1369 1093 1435 nobilibus
1115 1374 1151 1435 et
1173 1370 1264 1433 ultra

206 1474 260 1533 est
282 1470 500 1537 satisfactum.

252 1572 348 1637 Item.
394 1572 448 1637 Ad
481 1573 645 1639 decimum
671 1575 809 1638 tercium
834 1573 1011 1638 articulum
1036 1572 1163 1649 dicunt,
1203 1579 1262 1637 ete.

197 1675 296 1761 ,quod
328 1675 378 1739 illi
411 1676 452 1740 de
485 1676 605 1741 Prucia
637 1677 801 1741 dederunt
839 1675 1007 1761 querelam
1046 1676 1082 1739 in
1116 1676 1262 1761 ipsorum

205 1776 357 1842 articulis
384 1798 443 1863 pro
469 1776 662 1844 Hermanno
687 1780 723 1842 in
750 1778 891 1843 articulo
915 1776 1086 1842 nominato
1109 1777 1153 1841 ad
1174 1798 1265 1841 sum·

205 1899 295 1941 mam
331 1900 447 1944 mcccx.
481 1879 664 1957 nobilium;
699 1878 820 1964 quibus
852 1877 917 1943 suit
947 1899 1140 1963 responsum
1174 1876 1263 1963 quod

204 1978 316 2043 dictus
332 1979 544 2044 Hermannus
559 1980 596 2043 iu
611 1980 751 2046 articulo
766 1980 958 2044 nominatus
974 2000 1088 2044 omnes
1103 1978 1263 2065 Anglicos

204 2078 243 2143 in
278 2080 418 2147 articulo
455 2080 657 2167 specificatus
696 2080 897 2146 sufficienter
934 2080 1149 2165 acquietavit,
1190 2080 1262 2163 [et],

205 2181 361 2255 finaliter,
391 2182 479 2248 inter
501 2182 607 2248 dictos
646 2182 908 2247 Ambassiutorcs
939 2186 974 2246 et
1008 2181 1158 2247 Nuncios
1195 2180 1263 2244 fuit

205 2283 450 2361 concordatum,
473 2284 561 2369 quod
584 2282 717 2349 articuli
748 2305 807 2370 pro
830 2289 925 2369 parte
948 2282 1092 2368 ipsorum
1116 2283 1263 2348 Nuncio-

206 2406 281 2447 rum
305 2384 376 2448 dati
399 2383 524 2447 differri
548 2383 684 2449 deberet
706 2384 875 2462 discussio,
898 2404 1002 2467 usque
1032 2383 1076 2447 ad
1110 2384 1263 2448 clariores

205 2486 428 2571 probacioncs,
445 2508 503 2570 per
518 2485 643 2551 dictum
669 2486 900 2551 Hermannum
924 2492 959 2550 et
973 2485 1176 2551 Willelmum
1192 2487 1263 2571 Lyc

205 2588 243 2651 in
259 2589 405 2673 ipsorum
421 2587 561 2654 articulo
576 2590 773 2663 nominatos
796 2610 895 2674 super
917 2588 1030 2653 eodem
1046 2589 1083 2653 in
1105 2596 1262 2655 eventurn

205 2690 452 2755 ministrandas.
491 2690 586 2754 Etsi
609 2690 801 2777 nonplacct
831 2690 902 2755 haec
926 2690 1094 2776 responsio
1129 2691 1264 2756 dabitur

205 2792 282 2867 alia,
304 2790 481 2857 videlicet¹

253 2893 349 2958 Item.
395 2894 450 2959 Ad
481 2893 643 2960 decimum
667 2899 822 2960 octavum
853 2894 1030 2960 articulum
1054 2895 1178 2975 dicunt,
1201 2903 1263 2961 etc.

208 2996 298 3080 quod
330 2996 371 3061 de
405 2996 520 3082 petitia
552 2997 589 3060 in
621 2997 762 3062 articulo
785 3018 940 3084 congrua,
959 2997 1064 3082 justa,
1097 3004 1133 3062 et
1163 2999 1264 3063 ratio·

207 3099 328 3163 nabilis
351 3099 410 3163 fiet
432 3097 615 3166 satisfactio
638 3105 673 3163 et
695 3099 842 3163 emenda.

254 3200 348 3264 Item.
395 3199 447 3262 Ad
481 3199 672 3264 vicesimum
695 3199 839 3284 primum
863 3200 1040 3267 articulum
1064 3201 1181 3267 dieunt
1203 3208 1263 3269 etc.

209 3301 298 3384 quod
314 3300 354 3365 de
371 3301 537 3366 contentis
561 3299 597 3364 in
613 3300 752 3366 articulo
774 3300 849 3386 pari
864 3301 973 3366 forma
987 3302 1047 3367 fiet
1061 3303 1264 3378 reformacio‚

210 3403 310 3468 sicuti
337 3409 371 3468 et
404 3403 473 3468 illis
495 3403 536 3468 de
560 3403 709 3478 Livonia‚
732 3424 807 3467 cum
843 3421 941 3489 capta
974 3425 1043 3468 esse
1075 3411 1265 3470 asserantur

208 3504 323 3570 eodem
351 3511 498 3590 tempore
530 3526 595 3590 quo
629 3504 678 3568 illi
711 3505 752 3569 de
785 3504 927 3569 Livouia
958 3506 1170 3572 mercimonia
1204 3529 1264 3573 sua

207 3607 325 3672 dicunt
347 3613 444 3692 capta
464 3607 573 3672 fuisse.

255 3709 349 3772 Item.
407 3708 461 3773 Ad
495 3709 686 3774 vicesimum
722 3709 902 3774 secundum
930 3709 1055 3786 dicunt,
1077 3717 1137 3776 etc
1176 3712 1263 3778 sicut

208 3831 308 3894 supra
330 3809 373 3874 ad
394 3810 538 3896 primum
562 3818 613 3875 est
635 3830 835 3894 responsum.

255 3911 349 3977 item.
397 3911 451 3975 Ad
473 3912 667 3978 vicesimum
692 3912 830 3978 tercium
856 3913 982 3992 dicunt,
1005 3915 1060 3980 lac.
1084 3917 1172 4000 quod
1187 3937 1262 3980 con-

209 4015 360 4099 queritur
406 4020 521 4078 contra
562 4014 729 4098 quendam
769 4014 979 4078 nominatum
1029 4015 1176 4081 William
1222 4019 1263 4084 de

211 4115 346 4200 Phryne,
378 4122 413 4181 et
445 4115 544 4198 quod,
578 4137 617 4180 ea
639 4136 745 4190 causa,
777 4115 866 4181 faeta
899 4116 964 4180 fuit
988 4117 1205 4202 proclamacio
1227 4121 1261 4183 in

213 4216 354 4302 singulis
391 4215 524 4302 Angliae
569 4216 750 4302 portubus;
796 4222 830 4280 et
875 4217 987 4282 nullus
1031 4218 1109 4283 talis
1154 4227 1264 4306 potest

210 4318 362 4384 inveniri.

255 4422 350 4486 Item.
407 4419 461 4484 Ad
494 4420 686 4486 vicesimum
725 4426 883 4506 quartum
923 4421 1048 4499 dicunt,
1079 4429 1140 4490 etc.
1177 4426 1263 4491 sicut

210 4545 311 4610 supra
332 4523 374 4588 ad
400 4507 591 4587 vicesimum
616 4523 760 4608 primurn
784 4545 977 4610 responsum
994 4531 1052 4590 est

583 4737 590 4770 ¹
604 4739 681 4789 Deest
692 4738 824 4804 responsio
838 4739 864 4789 in
876 4741 931 4791 MS.
