3350 5800
657 896 844 947 areanum.
1206 882 1273 949 383

212 1137 399 1193 aa-sonm
415 1140 554 1195 ‘mennon
572 1155 609 1195 na
638 1140 806 1207 Sarnwueo,
826 1154 912 1195 muns
939 1140 1087 1195 Dcnmmr
1106 1140 1211 1195 Rnanu
1238 1153 1273 1193 nr
1305 1138 1404 1197 ,Num

273 1221 409 1277 Parcneu
427 1238 461 1277 rr
479 1222 657 1279 corissum
675 1224 820 1278 Eecuasrn
839 1222 959 1279 Oumsrr
979 1223 1215 1278 Garrulurnssrs.
1283 1292 1295 1336 1
1311 1192 1394 1335 „Em

250 1354 402 1420 Omnibus,
429 1362 484 1411 etc.
504 1356 674 1424 H(euricus)
693 1356 888 1428 permissione
907 1355 1008 1411 divina
1026 1356 1111 1411 Prior
1131 1356 1270 1411 Ecclesiae
1303 1412 1394 1464 heure

213 1439 325 1495 Christi
343 1439 562 1495 Cantuariensis
575 1446 605 1495 et
623 1439 753 1510 ejusdem
779 1440 836 1495 loci
857 1439 1038 1511 Capitulum,
1057 1441 1193 1505 salutcm,
1213 1446 1268 1495 etc.
1281 1412 1395 1514 liminum

213 1522 372 1588 Noveritis,
393 1524 557 1578 nostencri
576 1523 700 1578 ebbena
727 1523 784 1578 fide
810 1522 945 1591 obligari,
965 1541 1018 1594 pro
1046 1522 1130 1577 nobis
1157 1528 1187 1577 et
1206 1540 1269 1578 suc·
1283 1516 1442 1611 ffiffi‘fflffl

214 1604 375 1660 caesoribus
394 1606 514 1668 nostris,
535 1606 721 1659 serenissimo
739 1604 870 1675 Principi
889 1604 1008 1659 domino
1026 1610 1125 1661 nostro
1144 1605 1270 1659 Domino
1283 1613 1407 1657 theurus

213 1685 355 1739 Eduardo
373 1686 429 1741 Dei
446 1687 544 1756 gratia
561 1686 671 1741 illustri
689 1686 766 1754 Regi
783 1686 912 1755 Angliae,
933 1685 1010 1756 quod
1028 1686 1269 1758 quandocumque
1284 1663 1404 1765 21¹}szth

214 1767 292 1823 idern
311 1770 456 1824 Dominus
484 1770 547 1824 Rex
573 1787 626 1823 uos
654 1768 778 1834 dederit,
798 1775 828 1823 et
854 1774 936 1823 carta
962 1786 1015 1824 sua
1040 1770 1269 1834 confirmaverit,
1285 1764 1381 1859 ffi‘i‘g
1396 1816 1422 1857 or

214 1854 366 1922 sexaginta
383 1853 505 1908 libratas
523 1858 621 1917 terrm,
640 1852 672 1906 in
690 1852 754 1907 loco
772 1852 820 1907 vel
837 1852 909 1907 locis
928 1852 1013 1908 nobis
1038 1853 1270 1924 competentibus
1286 1827 1388 1907 (alliditr

213 1938 243 1991 in
263 1937 412 1993 Comitatn
430 1938 562 2003 Kanciae,
583 1937 710 2009 exceptis
737 1937 809 1992 locis
836 1938 915 1993 iufra
943 1936 1128 1993 Sandwicum
1156 1942 1187 1993 et
1212 1937 1270 1992 Do·
1283 1914 1407 2018 fmilia

214 2020 327 2075 roriam
366 2038 467 2075 versus
498 2021 656 2086 Orientem,
688 2020 836 2075 habendas
867 2026 898 2075 et
928 2020 1080 2086 tenendas,
1119 2021 1204 2076 nobis
1241 2026 1271 2077 et
1284 2018 1402 2108 ¹⁰“ssg‘l0

213 2103 351 2157 Ecclesia
368 2109 488 2169 nostras,
507 2104 540 2157 in
557 2103 689 2169 liberam,
704 2120 819 2174 puram,
830 2108 860 2157 et
878 2108 1049 2175 perpetuam
1069 2103 1270 2169 elemosinam,
1283 2077 1403 2159 pptrlctpgo,
1500 2136 1503 2141 ·

214 2194 244 2241 et
260 2187 302 2241 ita
321 2187 411 2242 libere
429 2192 460 2242 ct
478 2186 576 2258 quiete
594 2187 671 2243 sicut
688 2187 761 2242 alias
786 2193 880 2242 terras
903 2194 1018 2243 nostras
1044 2187 1076 2242 in
1103 2187 1205 2242 ecdem
1223 2205 1270 2242 co·
1282 2167 1444 2261 {ffisswu

213 2272 319 2327 mitatu
344 2278 488 2337 tenemus,
507 2290 560 2327 nos
577 2276 693 2337 extunc,
713 2270 808 2326 eidcm
828 2272 954 2327 Domino
980 2276 1079 2326 nostro
1107 2270 1181 2341 Regi
1206 2267 1423 2361 red'ffiurrdffamu

214 2354 317 2409 demus
335 2359 365 2409 et
389 2355 727 2427 quietum-clamabimus
752 2360 846 2410 totam
873 2362 1037 2412 custumam
1065 2360 1095 2411 et
1120 2355 1269 2411 redditum
1282 2330 1433 2411 wiefircrn'

214 2457 287 2511 quos
308 2438 476 2504 habuimus,
494 2439 543 2494 rel
568 2439 667 2509 aliquo
685 2438 771 2493 modo
790 2438 897 2493 habere
915 2440 1075 2511 potuimus,
1096 2438 1128 2494 in
1140 2438 1222 2495 Villa
1239 2445 1270 2494 et
1281 2418 1435 2521 fflffiffl,

214 2524 306 2579 Portu
324 2522 359 2577 de
379 2521 542 2588 Sandwico,
560 2539 706 2578 unacum
724 2522 861 2577 omnibus
885 2520 1001 2591 juribus
1027 2528 1058 2578 et
1085 2523 1270 2592 libertatibus
1282 2519 1438 2613 {iffi-3⁰22&

215 2613 245 2663 et
262 2608 350 2662 rebus
368 2606 434 2661 aliia
453 2624 519 2677 quas
537 2606 569 2661 in
588 2606 688 2661 eadem
706 2605 779 2660 villa
796 2606 961 2662 habuimus.
998 2608 1046 2663 Ita
1064 2613 1174 2674 tamen,
1193 2608 1272 2677 quod
1285 2620 1347 2673 sixty

214 2709 267 2762 pro
300 2690 435 2745 omnibus
472 2689 730 2745 consuetudinibus
758 2689 856 2744 medio
887 2696 1019 2761 tempore
1058 2691 1271 2747 mercatoribus
1284 2670 1382 2722 ponnus

216 2771 364 2839 relaxatis,
383 2791 436 2845 per
454 2772 656 2829 testimoninm
676 2772 839 2829 Servientis
857 2772 951 2829 nostri
979 2779 1010 2829 et
1035 2775 1123 2830 unius
1150 2775 1272 2831 alterius

215 2856 320 2929 legalis
338 2855 467 2913 hominis
485 2854 621 2928 praedicti
646 2861 759 2928 portus,
788 2857 872 2913 nobis
899 2855 981 2930 prius
1006 2858 1168 2914 satisfaciat
1195 2876 1272 2914 ccm-

215 2945 364 3013 petenter;
401 2939 490 2995 saluis
517 2940 601 2996 nobis
639 2940 775 2995 omnibus
803 2940 938 2996 domibus
970 2940 1090 3008 nostris,
1117 2948 1147 2997 ct
1177 2943 1272 3015 isayiis

215 3043 287 3096 quas
314 3025 456 3079 habemus
480 3025 512 3079 in
537 3024 610 3078 villa
636 3023 789 3094 praedicta,
816 3041 885 3078 cum
918 3025 1054 3080 omnibus
1080 3025 1217 3095 proficuis
1242 3032 1273 3081 et

215 3107 404 3178 eysiameniis
430 3107 498 3162 inde
523 3106 774 3177 provenientibus,
803 3111 833 3161 ct
861 3124 927 3161 cum
955 3107 1089 3164 omuibus
1115 3107 1180 3163 aliis
1208 3128 1272 3181 per-

215 3191 353 3247 tinentiis
371 3187 412 3246 od'
427 3192 544 3246 easdem
573 3190 678 3245 domus
696 3195 726 3244 et
743 3190 835 3263 layas
854 3190 902 3246 die
930 3191 1120 3248 confectionis
1145 3210 1271 3264 praesen·

215 3276 292 3330 tium
310 3275 528 3348 spectantibus3
547 3275 628 3332 salvo
646 3275 746 3341 etiam,
765 3274 850 3331 nobis
869 3283 899 3332 et
911 3277 1018 3332 nostris
1038 3277 1270 3344 (successoribus)

215 3359 358 3416 ucetiam
386 3359 495 3415 Abbati
525 3365 556 3416 ct
586 3359 752 3415 conventui
785 3359 888 3415 Sancti
917 3359 1078 3430 Augustini
1105 3359 1271 3417 Oantuariae

216 3451 366 3501 eteorum
385 3442 517 3510 familias,
536 3443 671 3514 passagio
689 3442 721 3498 in
739 3449 827 3515 portu
855 3443 1005 3515 praedicto,
1027 3444 1058 3499 in
1084 3445 1193 3501 batallo
1220 3446 1273 3517 qui

217 3527 328 3582 dicitur
348 3528 467 3591 Verebot,
485 3543 539 3596 pro
557 3543 591 3580 ec
610 3524 690 3596 quod
708 3523 805 3581 eidem
831 3525 941 3580 Abbati
969 3531 999 3581 et
1025 3526 1198 3593 couventui,
1220 3546 1272 3598 pro

215 3612 291 3666 bono
304 3609 385 3682 pacis
396 3609 552 3679 utriusque
565 3606 715 3673 Ecclesia,
725 3607 809 3663 istud
822 3607 933 3663 dudum
947 3608 1152 3664 concessimus.
1184 3610 1274 3666 Salva

158 3737 162 3745 ,
216 3694 346 3765 insuper,
375 3693 460 3748 nobis
491 3696 522 3747 et
547 3690 718 3746 tenentibus
744 3691 885 3746 Ecclesiae
912 3697 1020 3747 nostrae
1040 3692 1270 3762 cantuariensis,

217 3777 354 3832 libertate
373 3773 490 3830 emendi
508 3780 538 3830 et
554 3773 703 3830 vendendi
720 3773 812 3829 libere
830 3780 861 3829 et
879 3773 978 3845 quiete
996 3774 1028 3829 in
1046 3781 1133 3846 portu
1151 3782 1182 3832 et
1201 3777 1273 3833 silla

215 3859 374 3934 praedictis,
394 3857 555 3914 secundum
582 3863 714 3913 tenorem
743 3862 893 3912 cartarum
912 3863 1099 3925 nostrarum
1119 3877 1153 3914 ac
1181 3861 1271 3916 etiam

217 3943 384 4002 omnimoda
400 3943 477 3996 bona
494 3947 594 3997 nostra
618 3959 684 4011 quae
711 3939 821 3996 ibidem
848 3941 983 3997 venerint
1010 3942 1100 4000 libere
1126 3950 1157 4000 et
1174 3945 1273 4016 quiete

218 4025 354 4083 osmundi
371 4031 402 4081 et
420 4024 610 4091 discariandi,
637 4039 671 4078 ac
698 4022 768 4079 inde
795 4023 935 4091 coriandi,
956 4025 1218 4097 quotienscumque
1244 4033 1275 4084 et

218 4109 271 4164 ubi
289 4109 372 4165 nobis
390 4106 541 4164 ridebitur
559 4105 705 4179 expedire.
743 4107 792 4162 Ita
810 4113 921 4174 tamen,
940 4109 1018 4179 quod
1036 4127 1089 4180 per
1106 4110 1275 4182 hujusmodi

217 4192 399 4250 escambium
430 4190 573 4263 predicto
601 4192 727 4247 Domino
754 4193 855 4246 nostro
875 4191 951 4262 Regi
981 4192 1158 4258 faciendum,
1179 4195 1273 4250 nichil

218 4273 356 4346 depereat
373 4273 458 4328 nobis
484 4271 533 4326 vel
558 4271 775 4327 successoribus
800 4271 909 4328 nostris
937 4272 972 4327 de
1000 4273 1134 4330 omnibus
1158 4275 1274 4344 juribus

217 4356 402 4412 libertatibus
421 4371 474 4410 seu
491 4355 578 4409 rebus
596 4352 673 4420 aliis,
687 4371 753 4424 quae
765 4353 796 4408 in
809 4353 948 4410 maneriis
960 4357 1067 4411 nostris
1086 4355 1122 4410 de
1140 4357 1273 4430 listreya,

220 4439 332 4510 Lyden,
353 4443 383 4492 et
400 4437 563 4493 Monketcn
581 4453 648 4491 cum
667 4435 854 4508 pertiuentiis
873 4436 933 4492 suis
951 4439 1092 4493 hactenus
1119 4439 1225 4494 habere
1244 4446 1276 4496 et

218 4523 369 4596 percipere
395 4521 610 4576 consuevimus.
666 4522 703 4577 In
734 4521 819 4591 cujus
850 4521 894 4577 rei
923 4521 1126 4578 testimonium
1156 4523 1274 4594 sigilla¹

218 4605 348 4677 Capituli
376 4603 480 4670 nostri,
512 4609 543 4660 et
572 4604 765 4660 Dominorum
795 4604 937 4676 Stephani
967 4606 1003 4661 de
1033 4606 1219 4662 Penecestria
1243 4612 1274 4661 et

649 4813 657 4849 1
675 4812 858 4877 catenans
