3350 5800
394 805 457 870 164
851 820 984 870 circem

223 1012 369 1078 ingruont
393 1008 428 1068 et
449 1003 657 1083 confratrem,
679 1011 833 1072 nestrum
858 1028 975 1072 remur
990 1013 1026 1072 et
1039 1007 1220 1093 legitimum
1241 1005 1449 1078 ordimanus,

221 1079 347 1204 ἓξὲξ,
392 1105 540 1182 facimus,
563 1111 598 1172 et
620 1108 865 1187 constituimus,
889 1114 1146 1194 procuratorem,
1171 1109 1450 1196 negotiorumque

221 1212 349 1290 'uererer
392 1214 580 1274 nostrorum
613 1215 789 1296 gestorem,
824 1218 860 1276 et
892 1213 1052 1278 nuncium
1085 1211 1272 1298 specialem.
1318 1209 1449 1273 Damus

223 1279 380 1395 llffiffid
393 1309 494 1375 etiam
526 1315 561 1376 et
591 1311 799 1377 concedimus
822 1312 931 1378 eidem
953 1312 1158 1398 procuratori
1190 1315 1306 1376 nostro
1336 1315 1448 1395 potes-

222 1411 269 1470 δεῖ
287 1411 330 1461 the
392 1415 497 1476 tatem
519 1413 704 1498 generalem
728 1419 763 1480 et
796 1414 992 1480 mandatum
1014 1415 1164 1500 speciale,
1196 1436 1256 1500 pre
1286 1413 1383 1477 uobis
1413 1415 1449 1475 et

223 1477 353 1608 fflssffily
393 1513 526 1578 nomine
548 1519 662 1580 nostro
685 1535 724 1580 ae
746 1515 902 1581 Ecclesiae
924 1521 1047 1582 nostrae
1078 1516 1277 1602 supradictae
1300 1513 1448 1580 Cantus·

221 1608 332 1726 {³2¹²in
393 1615 519 1695 niensis,
541 1615 577 1679 in
593 1622 799 1682 sacrosancta
813 1617 965 1683 Romana
978 1617 1092 1695 Curia,
1112 1638 1172 1682 seu
1194 1617 1277 1680 alibi
1297 1614 1447 1679 ubicum-

223 1690 348 1792 murell
393 1737 457 1800 que
481 1717 708 1783 sanctissimus
732 1717 767 1782 in
790 1717 929 1784 Christo
951 1736 1049 1805 pater
1078 1726 1114 1783 et
1148 1718 1303 1783 dominus
1333 1719 1448 1780 noster

221 1807 369 1924 presideinl
393 1815 557 1884 Dominus
593 1817 766 1906 Eugenius
799 1819 919 1886 divina
949 1819 1162 1907 providentia
1192 1818 1285 1905 Papa
1306 1821 1447 1904 quartus

220 1881 469 2004 ffinprctcum
501 1941 562 1984 sua
595 1921 699 1988 Curia
721 1921 864 1986 residere
894 1923 1080 2008 contigerit,
1102 1920 1322 2008 comparendi,
1344 1920 1447 1983 intes·

220 2004 315 2122 332120
309 2007 365 2122 ᾖ
393 2020 497 2098 senei,
535 2026 570 2086 er
607 2022 693 2087 inibi
731 2043 956 2109 quascumque
994 2023 1125 2088 neem
1155 2023 1352 2109 apostoliea
1373 2019 1446 2083 sive

221 2136 326 2188 mirsion
393 2123 553 2209 rescripta
586 2145 813 2210 quaecumque,
844 2125 997 2210 gratiam,
1025 2126 1207 2211 justiciam,
1241 2130 1278 2190 et
1299 2124 1446 2189 favorem

220 2205 348 2334 {Jtffiffl
392 2225 486 2290 inse
519 2228 737 2308 continentes,
770 2227 906 2292 nomine
939 2233 1053 2293 nostro
1085 2233 1120 2293 et
1152 2233 1277 2292 ncstrae
1299 2225 1448 2293 Cautus·

220 2327 509 2399 Sub·1’rior‚riensis
543 2328 699 2394 Ecclesiae
733 2329 944 2414 supradictae,
987 2329 1211 2416 impetrandi3
1250 2350 1290 2394 ac
1325 2326 1449 2393 litteris

219 2401 289 2518 12¹0}
295 2417 361 2520 ᾖξ’
391 2428 579 2514 apostolicis
618 2430 889 2516 quibuscumque,
929 2451 988 2495 seu
1025 2430 1109 2507 aliis,
1141 2435 1257 2495 contra
1289 2451 1350 2495 nos
1385 2435 1449 2493 aut

218 2535 352 2613 umeror-
392 2530 516 2596 dietam
548 2531 727 2597 Ecclesiam
759 2539 907 2598 nostram
940 2532 1215 2599 Oantuariensem
1252 2531 1448 2618 impetratis,

222 2602 353 2731 ssssssd,
392 2655 451 2698 seu
475 2635 701 2720 impetrandis,
725 2635 904 2720 objiciendi
927 2642 963 2700 et
993 2635 1252 2715 contradicendi,
1275 2640 1310 2700 et
1331 2633 1447 2718 hujus-

218 2731 360 2850 ssetlssm
392 2735 482 2800 modi
504 2735 634 2822 objecta
657 2738 898 2824 prosequendi;
921 2737 957 2800 in
975 2737 1115 2822 judiees,
1137 2738 1294 2814 notarios,
1316 2741 1351 2800 et
1373 2735 1448 2800 loca

220 2838 628 2931 Bihops0r⁰011⁸01101011dt
652 2843 695 2917 et,
718 2839 746 2903 si
770 2860 853 2926 epus
875 2839 1042 2917 suentes
1063 2838 1244 2917 recusandi,
1267 2857 1447 2923 causasque

220 2932 328 3047 Lopdon
393 2940 638 3005 recusationum
656 2940 846 3025 hujusmodi
869 2940 1046 3029 allegandi,
1061 2946 1098 3007 et
1118 2942 1333 3029 proponendi,
1355 2946 1390 3005 et
1404 2942 1446 3003 de

218 3013 362 3115 lennem
393 3044 517 3109 eisdem
532 3044 632 3109 fidem
656 3044 798 3110 faciendi
813 3070 821 3121 ς
845 3045 950 3110 alium
973 3047 1109 3132 insuper
1125 3046 1179 3110 vel
1194 3046 1276 3111 alios
1291 3064 1445 3132 procura·

217 3132 372 3248 ffizffl
394 3148 499 3211 torem
530 3167 589 3211 seu
613 3151 841 3233 procuratores
874 3148 946 3213 leco
968 3168 1038 3225 suo,
1062 3148 1105 3213 ed
1130 3148 1300 3233 praemissa
1332 3145 1446 3211 omnia

217 3262 358 3331 mbeug
394 3252 428 3311 et
453 3247 585 3333 singula
599 3248 744 3313 fideliter
765 3248 918 3314 facienda
940 3254 976 3313 et
1005 3250 1196 3326 exercenda,
1211 3246 1444 3323 substituendi,

220 3330 375 3446 {ffl'ffitfgf‘l
391 3348 614 3413 substitutum
637 3370 716 3414 vero
735 3355 796 3415 eut
819 3350 1020 3416 substitutos
1042 3349 1234 3435 hujusmodi
1256 3348 1444 3424 revocandi,

221 3461 315 3525 eury’r.
392 3454 427 3513 et
438 3452 661 3535 procuratoris
684 3449 828 3516 officium
853 3452 889 3515 in
912 3472 947 3515 se
972 3451 1208 3531 resumendi,
1232 3451 1385 3538 quotiens
1407 3455 1444 3513 et

389 3552 523 3636 quando
554 3552 661 3617 eidem
691 3552 898 3638 procuratori
928 3560 1042 3618 nostro
1069 3552 1241 3617 videbitur
1269 3551 1444 3639 expedire3

389 3666 423 3717 et
445 3652 642 3738 generaliter
666 3654 779 3718 omnia
801 3654 868 3718 alia
882 3659 918 3719 et
933 3654 1066 3740 singula
1087 3654 1243 3733 faciendi,
1258 3654 1440 3732 exercendi,

387 3760 422 3819 et
445 3754 644 3839 expediendi
680 3776 754 3841 quae
778 3756 814 3819 in
830 3756 1007 3840 premissis
1030 3762 1066 3820 et
1088 3757 1175 3822 circa
1198 3777 1238 3820 ee
1259 3756 1443 3821 necessaria

387 3855 521 3934 suerint,
565 3878 622 3921 seu
659 3856 909 3941 quomodolibet
943 3862 1117 3943 oportuna,
1152 3857 1254 3923 etiam
1287 3858 1317 3922 si
1349 3879 1443 3921 man·

386 3956 502 4023 datum
524 3958 561 4021 in
583 3980 617 4023 se
641 3959 746 4045 magis
769 3960 908 4044 exigant
930 3960 1080 4045 speciale.
1141 3958 1269 4025 Ratum
1293 3958 1440 4025 habituri

386 4065 420 4122 et
442 4065 576 4143 gratum
599 4059 757 4144 quicquid
772 4081 830 4145 per
848 4059 974 4126 dictum
998 4065 1249 4145 procuratorem
1271 4066 1439 4135 nostrum,

386 4168 446 4225 aut
478 4162 698 4227 substitutum
733 4163 786 4227 vel
809 4163 1082 4229 substituendum
1106 4165 1149 4229 eb
1173 4164 1297 4240 eodem,
1319 4171 1441 4241 ectum,

386 4262 520 4342 factum,
553 4269 695 4349 gestum,
729 4286 787 4329 seu
819 4272 1034 4350 procuratum
1066 4266 1169 4330 luerit
1202 4266 1239 4330 in
1262 4266 1440 4351 praemissis

385 4370 445 4427 aut
467 4363 581 4450 aliquo
603 4366 860 4450 praemissorum,
892 4366 955 4431 sub
989 4366 1156 4453 ypotheca
1178 4376 1213 4431 et
1236 4367 1439 4453 obligatione

386 4466 535 4531 omnium
567 4488 676 4531 rerum
707 4474 894 4533 nostrarum
925 4469 1162 4555 promittimus,
1186 4474 1221 4533 et
1252 4470 1439 4534 cautionem

385 4568 581 4656 exponimus
613 4588 672 4653 per
705 4575 893 4655 pnesentes.
955 4569 997 4633 In
1032 4571 1126 4654 cnjus
1148 4570 1205 4650 rei,
1229 4576 1289 4637 ete
1350 4570 1438 4637 Data
