3350 5800
440 880 506 941 400
877 894 1065 942 seeuuoix.

266 1112 344 1157 om„
360 1114 401 1162 ,iu
440 1092 574 1148 Pontifici
583 1094 653 1149 tecit
664 1094 814 1158 nunciam
828 1094 981 1150 humiliter
992 1095 1192 1167 supplicando,
1201 1108 1347 1165 qmtenus
1358 1112 1396 1151 ue
1404 1100 1495 1149 tantae

266 1126 365 1257 mk
438 1176 566 1231 lucerna
591 1178 709 1233 claritas
735 1178 909 1234 submodio
930 1178 1029 1245 lateat,
1057 1179 1110 1233 sed
1129 1179 1226 1249 potius
1240 1186 1322 1233 tanta
1342 1179 1494 1240 sanctitas,

266 1264 410 1366 wien
439 1260 553 1397 [intigris
572 1262 807 1397 “gomiionibmq
822 1262 938 1399 {inlitus
964 1262 1163 1401 cffprrtiiluata,
1189 1263 1327 1401 Ιῖιιωαῃίῖ
1356 1262 1493 1399 imm

440 1360 470 1397 in
514 1361 570 1398 rris
602 1360 656 1397 ero
671 1362 918 1409 insercoanr,a
957 1362 970 1399 s
1016 1364 1061 1401 ica
1094 1366 1102 1401 ι
1165 1365 1196 1401 re
1211 1364 1312 1400 urano
1328 1363 1371 1400 ori
1461 1363 1492 1398 m

264 1364 423 1509 ffiffl
439 1432 573 1481 sanctum
591 1429 688 1483 virum
710 1429 740 1482 iu
763 1428 895 1484 Ecclesia
912 1363 1300 1501 tiiumphentigginemmm
1322 1428 1444 1499 ngrniui,
1457 1434 1494 1480 ut

266 1524 291 1559 ιο
300 1516 341 1557 ino·
354 1516 420 1569 roi».
439 1510 560 1565 tirmiter
573 1510 714 1575 creditur,
727 1509 929 1581 ooiijunctum,
941 1514 971 1567 in
985 1513 1125 1567 militanti
1135 1512 1266 1567 Ecclesia
1278 1514 1356 1567 inter
1370 1512 1493 1567 Sanctus

437 1599 566 1649 statuere
589 1593 799 1649 venerandum.
850 1594 948 1667 Ipsius
981 1613 1052 1651 vero
1083 1596 1202 1651 Domini
1232 1596 1357 1651 Oomitis
1384 1594 1493 1649 litteris

436 1678 611 1747 accepimus,
625 1676 786 1747 apostolica
796 1677 875 1731 inter
888 1684 982 1732 cetera
995 1696 1083 1749 super
1100 1677 1155 1733 hoo
1168 1678 1317 1733 continere
1332 1694 1489 1747 respousa:

437 1760 515 1829 qnod
531 1759 699 1827 hujusmodi
721 1763 884 1822 neqotium,
898 1780 951 1833 per
971 1762 1163 1831 praelatorum
1185 1769 1215 1817 et
1237 1762 1321 1831 regui
1336 1778 1490 1831 procerum

437 1844 663 1898 insinuationem
684 1844 754 1898 Sodi
768 1845 946 1915 Apostolioae
967 1846 1132 1900 faciendam
1146 1846 1217 1900 vitm
1230 1854 1260 1898 et
1281 1845 1367 1899 lamae
1386 1843 1492 1897 viride

436 1944 493 1997 quo
517 1926 625 1995 agitur,
653 1944 687 1981 ao
708 1927 850 1981 miracula
872 1944 937 1997 quas
958 1928 1090 1983 evenisse
1108 1929 1248 1983 dicuntur
1270 1926 1491 1999 expositionem,

435 2011 597 2077 contianus,
612 2029 679 2065 oum
706 2012 849 2083 petitione
877 2030 1016 2083 congrua,
1041 2013 1180 2069 convenit
1204 2012 1347 2083 expedire.
1386 2010 1491 2079 Quam·

436 2094 535 2148 obrem
549 2094 626 2149 idom
641 2094 784 2150 Dominus
803 2095 908 2151 Comes
921 2112 973 2149 nos
987 2096 1193 2166 multipliciter
1212 2094 1362 2159 excitavit,
1378 2100 1411 2147 nt
1423 2112 1489 2165 quse

436 2178 519 2231 nobis
531 2194 620 2249 super
638 2178 706 2242 hiis,
721 2178 881 2233 secundum
902 2180 1007 2243 Deum,
1021 2178 1207 2251 expedientia
1226 2178 1406 2243 viderentur,
1419 2194 1490 2248 qua-

435 2274 520 2315 tenus
541 2278 701 2331 possemus,
717 2262 772 2317 viis
793 2262 951 2317 ‹omnodis
973 2261 1174 2317 favorabiliter
1185 2278 1352 2317 curaremus
1364 2261 1488 2331 explere.

435 2344 608 2415 Quanquam
634 2346 726 2414 igitur
751 2346 843 2417 ipsios
865 2346 920 2399 riri
941 2364 1054 2401 morum
1079 2347 1227 2411 honestas,
1249 2346 1319 2399 ritae
1338 2344 1487 2410 sanctitas,

435 2438 465 2481 et
490 2426 583 2483 lama¹
603 2429 759 2483 laudabilis
784 2430 902 2499 Angliae
927 2430 1086 2499 regnicolis
1106 2429 1167 2483 siut
1181 2428 1396 2500 quodammodo
1417 2428 1488 2481 satis

434 2517 529 2575 notre,
544 2517 578 2565 ut
590 2512 707 2567 tamen²
719 2530 806 2583 super
818 2513 874 2567 hoo
883 2512 1038 2568 instructio
1049 2514 1164 2583 plenior
1172 2516 1203 2567 et
1210 2512 1335 2583 planior,
1346 2517 1488 2583 quatenus

433 2612 507 2664 opus
527 2596 626 2656 luerit,
640 2596 741 2650 haberi
763 2598 858 2651 valeat
880 2598 1060 2667 temporibus
1082 2597 1252 2667 profuturis,
1274 2596 1487 2651 fraternitatem

434 2684 564 2733 vestram
583 2680 739 2734 affectuose
757 2680 936 2749 requirimus
958 2686 988 2734 et
1008 2681 1160 2734 hortamur
1181 2680 1212 2733 in
1232 2678 1366 2741 Domino,
1386 2677 1488 2749 depre-

433 2768 534 2815 cantes
559 2762 707 2833 quatinus,
733 2772 794 2818 tam
821 2765 852 2817 in
878 2764 984 2818 vostris
1010 2781 1097 2833 quam
1123 2764 1153 2817 in
1179 2770 1279 2817 nostra
1303 2762 1487 2823 dioecembus,

434 2858 523 2915 sapor
543 2846 635 2916 ipsius
655 2846 712 2900 riri
734 2848 804 2908 rita,
829 2848 918 2912 fatua,
932 2847 1072 2910 moribus,
1087 2852 1117 2902 et
1139 2846 1288 2902 miraculis
1309 2862 1376 2916 quae
1398 2845 1489 2916 ipsius

435 2932 608 2985 meritorum
645 2937 765 3000 optentu
796 2932 928 2986 evenisse
960 2931 1108 2996 dicuntur,
1136 2949 1187 3002 per
1218 2931 1297 2985 viros
1327 2929 1490 2998 fidedignos

435 3019 465 3064 ot
487 3013 621 3074 famosos,
645 3031 697 3084 per
720 3031 793 3082 (qnos
813 3015 1033 3083 premissorum
1057 3014 1165 3070 veritas
1187 3013 1292 3068 melius
1317 3012 1488 3082 investigari

435 3096 541 3158 rotent,
561 3095 737 3164 diligentius
757 3097 933 3168 inquiratis;
954 3103 984 3150 et
997 3115 1062 3166 quas
1083 3096 1256 3151 inveneritis
1277 3097 1315 3150 ad
1336 3113 1398 3148 rem
1424 3113 1489 3166 per·

434 3177 560 3232 tinentia
573 3179 728 3248 scripturis
740 3179 898 3233 autenticis
920 3179 1004 3250 pleno
1025 3186 1055 3233 ct
1077 3179 1163 3250 plane
1185 3178 1300 3233 laniatis
1319 3196 1372 3249 per
1391 3179 1490 3232 omnia

433 3261 640 3316 commendari.
679 3262 740 3315 Nos
761 3263 851 3326 enim,
875 3262 1031 3332 quominus
1051 3261 1212 3334 praemissis
1233 3261 1272 3315 ad
1294 3277 1424 3332 praesens
1446 3262 1491 3314 in-

434 3344 551 3398 tendere
562 3344 721 3405 valeamus,
733 3362 768 3398 ex
780 3363 869 3400 eausa
882 3345 1016 3415 legitima
1029 3345 1121 3410 (robis
1135 3346 1225 3410 uota),
1236 3345 1295 3399 hiis
1307 3345 1489 3404 temporibus

433 3426 599 3496 praepediti,
625 3427 709 3480 vobis
735 3432 765 3481 et
788 3428 907 3496 utrique
933 3433 1074 3490 restrum,
1100 3425 1281 3494 conjunctim
1306 3433 1336 3480 et
1360 3426 1488 3488 divisim,

435 3518 579 3580 quatenus
600 3511 637 3564 ad
657 3528 710 3566 nos
729 3513 848 3573 attinet,
871 3511 950 3565 vices
972 3517 1087 3566 nostras
1112 3511 1326 3566 committimus
1344 3527 1396 3580 per
1414 3527 1489 3580 prse-

434 3599 541 3658 sontss,
553 3611 620 3648 oum
643 3592 824 3648 coheroionis
846 3594 993 3648 canonicae
1012 3599 1164 3665 potestate.
1205 3595 1242 3648 In
1261 3591 1345 3662 cujus
1366 3595 1419 3656 rei,
1433 3601 1489 3648 etc.

435 3678 510 3731 Data
529 3675 775 3746 apud-Harlynp.
789 3673 885 3742 xviij0,
901 3676 1048 3731 Kalendas
1075 3677 1253 3740 Decembris,
1274 3693 1348 3730 auno
1369 3675 1486 3730 Domini

410 3766 616 3812 'worttmw
922 3773 925 3780 ·

300 4029 378 4078 (Μ)
434 4001 476 4054 60.
491 4027 525 4035 -
539 4001 638 4056 Bonas
674 4017 762 4056 suasu
790 4017 1014 4056 casaurzsnoua
1040 4003 1152 4057 Douuu
1179 4002 1306 4056 Masuri
1326 4000 1489 4056 (laurearu-

540 4099 615 4138 susis
641 4084 863 4140 Aurmsrracorr
894 4101 974 4140 nissi
1006 4086 1124 4140 Douruo
1143 4087 1256 4140 unone
1288 4086 1391 4139 t'ourrr
1410 4083 1488 4137 uin-

541 4181 670 4221 cassare.

259 4129 278 4173 l.
287 4133 333 4174 418.

258 4295 414 4398 gffiffll·
469 4303 489 4356 J
490 4302 618 4356 ohannes
632 4303 802 4374 Episcopus,
817 4321 917 4358 servus
930 4321 1091 4368 serrorum,
1105 4309 1160 4358 eto.
1174 4303 1281 4358 dilecto
1295 4302 1355 4357 filio
1368 4302 1489 4356 Thomae

260 4395 399 4440 insanior
435 4384 543 4439 Comiti
565 4385 755 4448 Lancastriee,
780 4393 835 4440 ote.
875 4389 966 4442 Porro
976 4388 1055 4441 circa
1068 4387 1097 4440 id
1117 4386 1249 4456 quotide
1269 4387 1489 4440 canonizatione

260 4447 385 4539 fflffl'
434 4477 544 4522 sanotae
574 4469 724 4522 memorie.
755 4469 874 4524 Roberti
899 4489 991 4540 nuper
1022 4469 1242 4524 cantuariensis
1267 4468 1489 4539 Archiepisoopi

257 4546 399 4640 &mgi-
434 4555 617 4626 supplicasti,
632 4556 705 4609 scire
727 4560 757 4607 te
773 4557 916 4618 volumus,
932 4555 1009 4627 qnod
1030 4557 1162 4610 Romana
1176 4553 1273 4608 Mater
1286 4555 1418 4609 Ecclesia
1430 4572 1489 4608 nou

257 4646 402 4749 ztoiffiop
433 4638 594 4699 consuerit,
618 4655 706 4708 super
726 4645 809 4692 tanta
827 4657 915 4694 carisa
936 4640 1111 4710 praesertim,
1137 4638 1358 4710 praeoipitanter
1377 4637 1488 4706 aliquid

436 4759 729 4769 --—--.-.—---
743 4760 851 4768 --

468 4823 475 4854 ¹
487 4825 578 4887 sitne,
592 4822 646 4871 MS.
946 4823 951 4890 Ι
1017 4823 1027 4854 ²
1045 4839 1085 4884 on,
1097 4823 1153 4874 MS.
