3350 5800
433 830 474 891 3¹¹
886 846 1021 893 rursus:

282 1126 705 1243 ³¹132¹2⁸9⁵⁶=-1¹¹ffl¹³³
738 1146 840 1195 ursos
862 1130 1008 1195 Domno
1031 1128 1167 1203 Pnroru,
1191 1146 1261 1195 mc.
1297 1146 1364 1194 rno
1400 1144 1479 1193 rso-

370 1228 379 1245 '
589 1249 810 1298 ossucumus
848 1248 1036 1297 recussum
1074 1249 1140 1296 rso
1178 1232 1276 1296 Ruou
1314 1248 1358 1296 rr
1401 1247 1482 1295 mus

263 1307 289 1357 ’ς’
305 1312 334 1358 Η
345 1306 369 1359 b'
588 1350 768 1401 uxunclw.

261 1499 336 1615 {1¹:50
329 1499 411 1629 2¹2
477 1498 662 1565 Willelmus
697 1500 911 1585 permissione
942 1498 1060 1563 divina
1083 1497 1338 1564 Cantuariensis
1369 1496 1486 1559 Archi·

297 1632 401 1683 imp„
432 1600 612 1687 episcopus,
636 1608 695 1666 etc.
720 1601 842 1667 dilecto
874 1602 908 1664 in
933 1600 1067 1666 Christo
1101 1600 1172 1664 filio
1194 1598 1302 1664 Priori
1330 1599 1487 1664 Ecclesiae

261 1648 409 1827 ἔπῃ
432 1702 555 1769 Christi
590 1702 848 1777 cantuariensis,
887 1702 1039 1778 salutem,
1074 1702 1227 1787 gratiam,
1259 1705 1295 1765 et
1333 1700 1486 1766 bencdic-

260 1828 370 1881 oeuiom
433 1820 566 1871 nonem.
624 1804 778 1891 Supremi
811 1804 911 1891 Regis
945 1804 1166 1889 providentia
1198 1801 1345 1868 mirabili
1378 1808 1485 1888 potes-

261 1896 420 2025 ffiyigffi
433 1912 511 1983 tete,
549 1906 636 1973 acies
674 1912 872 1971 cunctorum
917 1906 1066 1991 dirigens
1103 1906 1288 1981 nationum,
1326 1904 1485 1969 roborans

261 2027 419 2079 rhemens
431 2028 566 2085 ammos,
589 2008 709 2073 docens
743 2029 860 2072 manue
893 2007 937 2072 ad
960 2006 1117 2092 proelium
1149 2012 1185 2071 et
1207 2006 1332 2090 digitos
1366 2004 1484 2071 electo-

261 2093 372 2210 ffiffi
383 2161 418 2211 11.
431 2132 503 2173 rum
527 2110 571 2175 ad
594 2110 725 2186 bellum,
742 2130 835 2175 suam
860 2108 1143 2194 omnipotenciam
1158 2107 1379 2173 manifestans
1402 2129 1484 2193 quos

260 2224 363 2275 annuis
433 2210 506 2275 vult
540 2209 701 2295 subjicere
735 2209 881 2295 subjicit,
903 2215 938 2274 et
969 2208 1093 2293 quibus
1125 2209 1202 2273 vult
1224 2208 1399 2274 victoriam
1423 2209 1483 2272 im·

259 2292 415 2423 ffijsspe·
432 2312 582 2397 pertitur.
629 2312 711 2377 Haeo
743 2312 847 2398 igitur
881 2310 1101 2387 considerans,
1123 2309 1424 2375 excellentissimus
1447 2312 1483 2374 in

259 2423 313 2473 tion
326 2432 353 2475 ιο
432 2412 567 2479 Christo
601 2414 753 2501 princeps
787 2420 822 2480 et
845 2414 1001 2479 dominus
1036 2418 1157 2489 noster,
1181 2412 1347 2477 Dominus
1370 2412 1483 2478 Ricar·

261 2490 369 2540 innan.
431 2516 494 2579 dus
516 2514 580 2581 Dei
613 2516 721 2603 gratie
756 2515 829 2583 Rex
854 2515 985 2602 Anglioe
1020 2520 1055 2579 et
1085 2514 1237 2580 Franciae
1270 2514 1412 2579 illustris
1446 2535 1483 2579 ac

429 2615 592 2681 Dominus
623 2615 804 2689 Hiberniae,
838 2616 914 2701 plus
952 2616 993 2681 de
1026 2637 1178 2701 supernae
1210 2615 1348 2679 virtutis
1385 2616 1484 2679 essis-

427 2718 537 2783 tencia
570 2739 669 2804 quem
703 2718 744 2782 de
778 2724 911 2782 terrena
942 2724 1108 2803 potestate
1141 2716 1321 2793 confidens,
1344 2738 1414 2793 nos,
1447 2719 1482 2779 in

427 2841 486 2884 suo
508 2840 634 2885 recessu
659 2841 775 2885 versus
807 2826 920 2907 partes
944 2819 1126 2896 Hiberniae,
1148 2819 1270 2883 humili
1294 2826 1330 2884 et
1353 2820 1482 2884 sincero

427 2921 523 2986 corde
547 2923 686 3008 rogarit,
702 2923 862 3006 quatinus
884 2922 975 3008 apud
990 2921 1203 2987 Altissimum
1226 2943 1286 3006 pro
1309 2943 1349 2986 eo
1372 2943 1482 3007 preces

427 3023 460 3086 in
493 3029 608 3088 nostre
641 3024 875 3090 Oantuariensi
912 3022 1066 3101 Ecclesia,
1100 3045 1159 3109 per
1190 3045 1251 3088 noa
1288 3030 1323 3087 et
1362 3024 1481 3088 intres

426 3131 563 3197 nostros,
597 3123 735 3189 fundere
768 3125 990 3210 dignaremur.
1046 3123 1132 3190 Cum
1168 3124 1282 3210 itaque
1316 3123 1481 3188 Dominus

426 3231 537 3289 noster
571 3225 642 3289 Rex
678 3226 801 3290 dictem
837 3224 1017 3291 Ecclesiam
1051 3223 1175 3290 habeat
1208 3227 1243 3288 in
1276 3225 1398 3289 intimo
1431 3248 1480 3290 re·

425 3327 640 3400 commissam,
674 3325 882 3412 injungimus
915 3333 951 3390 et
986 3326 1194 3403 mandamus,
1227 3328 1388 3412 quatinus
1422 3349 1480 3413 pro

425 3429 572 3512 graciosa
611 3427 823 3513 expeditione
862 3428 1011 3513 ejusdem
1047 3427 1184 3494 Domini
1217 3429 1318 3515 Regis
1357 3436 1390 3495 et
1429 3431 1480 3495 sui

425 3531 589 3595 exercitus
623 3531 848 3617 processiones
886 3529 1080 3616 solempnes,
1113 3552 1189 3596 cum
1227 3531 1326 3597 solita
1364 3532 1480 3598 decan·

424 3632 552 3697 tutione
584 3632 725 3708 letnniae,
759 3632 901 3718 singulis
940 3633 1069 3717 quartis
1107 3638 1143 3698 et
1179 3633 1285 3698 sextis
1317 3632 1413 3698 feriis
1445 3635 1480 3698 in

424 3731 512 3798 dicta
545 3739 660 3798 nostra
696 3732 843 3798 Ecclesia
875 3731 1028 3810 faciatis3
1059 3731 1256 3798 inducentes
1294 3735 1406 3811 etiam,
1437 3757 1479 3800 ex

425 3841 519 3920 parte
558 3837 691 3900 Domini
734 3836 834 3921 Regis
873 3842 909 3900 et
946 3841 1069 3912 nostra,
1104 3857 1218 3900 omnes
1256 3843 1292 3901 et
1329 3837 1479 3920 singulos

424 3935 600 4001 monachos
623 3937 728 4022 ipsius
745 3936 900 4002 Ecclesiae
921 3943 1055 4013 nostrae,
1079 3950 1119 4000 ut
1140 3937 1282 4002 eundem
1297 3937 1479 4002 Dominum

424 4035 547 4122 Regem
580 4041 615 4101 et
646 4036 717 4120 ejus
752 4037 936 4102 exercit-um
969 4036 1006 4101 in
1038 4037 1148 4101 missis
1182 4043 1218 4102 et
1250 4038 1325 4102 aliis
1356 4039 1477 4103 oratio-

423 4139 521 4202 nibus
545 4138 692 4203 habeant
713 4137 902 4224 specialiter
916 4138 1172 4204 commendatos.
1219 4137 1263 4203 Et
1288 4145 1329 4202 ut
1351 4147 1478 4205 mentes

423 4239 656 4304 monachorum
692 4241 797 4325 ipsius
821 4239 978 4306 Ecclesiae
1009 4244 1133 4305 nostrae
1167 4247 1202 4304 et
1232 4241 1375 4306 eliorum
1397 4242 1477 4308 fide·

421 4342 503 4405 lium
550 4342 699 4407 civitatis
738 4346 861 4407 nostrae
900 4343 1094 4408 Gentuariae
1132 4341 1174 4406 ed
1212 4345 1374 4408 orandum
1419 4368 1478 4430 pro

426 4442 567 4507 Domino
592 4442 681 4528 Rege
705 4450 740 4508 et
763 4445 925 4509 comitatu
947 4465 1024 4508 cum
1047 4466 1086 4509 eo
1109 4465 1168 4530 per
1191 4444 1475 4531 indulgentiarum

421 4567 559 4609 numera
594 4545 791 4630 propensius
830 4545 1023 4621 excitemus,
1058 4546 1100 4610 de
1133 4544 1384 4632 Omnipotentis
1416 4549 1476 4613 irn-

421 4669 534 4711 mensa
558 4645 789 4722 misericordia,
812 4653 847 4710 et
870 4645 1076 4712 Beatissimae
1100 4647 1215 4712 Mariae
1238 4647 1388 4735 Virginis
1410 4673 1477 4717 suae
